4400 5784
1623 645 2143 719 -13-

430 871 497 937 p.
548 851 817 916 53—6t
863 850 935 915 Β.
982 847 1185 926 κλίσις
1229 885 1309 898 --
1361 844 1781 936 ἐπικάμπιον.
1834 831 1955 920 uisi
2001 853 2176 942 quod
2221 855 2288 920 in
2323 853 2590 921 Aeliano
2622 854 2823 922 multo
2868 855 3054 944 plura
3100 855 3328 945 legun·

428 975 580 1040 tur,
637 985 807 1053 quae
852 965 914 1030 in
961 965 1235 1031 Arriano
1281 966 1515 1053 partim
1564 967 1911 1045 excidisse,
1960 971 2191 1058 partim
2241 991 2358 1058 per
2405 969 2722 1058 duplicem
2768 970 3324 1059 interpolationem

432 1079 659 1147 addita
705 1079 1023 1146 videntur.
1123 1079 1246 1147 Sed
1295 1081 1374 1147 de
1420 1080 1515 1147 his
1559 1093 1804 1170 postea.

652 1211 1023 1268 Emendanda
1062 1211 1115 1268 in
1153 1212 1489 1268 Arriano:
1526 1229 1573 1269 c.
1612 1213 1699 1271 30.
1734 1231 1787 1286 p.
1813 1213 1900 1271 5⁴.
1936 1216 1997 1282 ἐς
2030 1215 2206 1286 δεξιά]
2245 1217 2306 1283 ἐς
2341 1215 2420 1270 τὰ
2452 1215 2620 1284 δεξιά.
2669 1249 2717 1261 -
2763 1231 2810 1271 c.
2846 1213 2932 1271 33.
2967 1232 3020 1287 p.
3057 1215 3149 1272 59.
3189 1213 3327 1270 τάτ-

581 1327 793 1366 τονται.
866 1307 1020 1364 ὁπότ’
1050 1306 1143 1382 ἂν]
1184 1309 1503 1378 τάττονται,
1542 1307 1581 1381 ἢ
1615 1309 1766 1366 ὁπότ’
1798 1308 1885 1366 ἄν.

665 1407 829 1475 Ael.
877 1405 1171 1474 XXXV.
1210 1445 1281 1474 =
1310 1411 1477 1476 ΑΗ.
1528 1433 1583 1478 c.
1632 1415 1717 1476 37
1764 1412 1827 1479 S.
1876 1435 1937 1501 p.
1984 1416 2071 1479 64
2116 1433 2214 1500 aq.
2260 1414 2332 1480 B.
2379 1409 2500 1498 χρὴ
2547 1451 2630 1462 --
2677 1408 3017 1497 ὠφέλιμος.
3081 1415 3153 1479 ln
3201 1411 3326 1478 hoc

436 1523 523 1589 de
570 1524 767 1611 signis
814 1523 959 1592 loco
1006 1545 1276 1613 prorsus
1322 1526 1580 1612 utrique
1627 1528 1944 1594 convenit.
2140 1605 2173 1630 ς

654 1638 1013 1694 Emendanda
1050 1639 1108 1693 in
1146 1639 1189 1692 Α
1211 1638 1488 1695 rriano:
1523 1635 1717 1716 ἄπορά
1756 1639 1913 1695 ἐστιν
1963 1643 2035 1696 οἱ
2068 1638 2304 1713 γίνεται]
2345 1637 2540 1714 ἄπορα
2571 1637 2734 1696 ἔστιν
2767 1638 2808 1694 ἃ
2839 1661 2896 1711 γ.
2946 1673 2994 1684 -
3043 1638 3122 1710 ἀγ
3143 1637 3326 1694 aod-n

583 1732 889 1808 ὠφέλιμος]
926 1736 1196 1805 μᾶλλον
1231 1732 1341 1804 ὠφ.

666 1852 833 1919 Ael.
873 1849 1179 1919 XXXVI
1212 1865 1275 1921 et
1304 1851 1666 1921 XXXVII.
1698 1893 1769 1922 ==
1801 1858 1963 1924 Arr.
1998 1877 2054 1922 c.
2087 1859 2172 1924 38
2204 1865 2267 1921 et
2296 1859 2380 1920 39
2404 1855 2490 1920 in.
2525 1855 2588 1922 S.
2623 1877 2686 1943 p.
2712 1858 2797 1921 65
2820 1875 2916 1942 sq.
2945 1855 3019 1921 B.
3050 1846 3214 1939 ὑπὲρ
3243 1890 3324 1902 -

433 1962 699 2047 τάξεων.
792 1969 999 2035 Etiam
1048 1968 1204 2035 haec
1250 1969 1684 2046 concordant,
1750 1972 1873 2038 nisi
1935 1969 2109 2060 quod
2173 1971 2241 2036 in
2288 1969 2557 2038 Aeliano
2604 1969 2918 2060 quaedam
2963 1990 3084 2057 per
3125 1969 3324 2034 inter-

440 2084 837 2173 polationem
869 2082 1039 2152 illata
1084 2093 1257 2160 sunt,
1307 2086 1618 2152 Arrianus
1662 2107 1819 2153 vero
1867 2086 2100 2153 diserte
2142 2085 2386 2154 indicat
2432 2107 2562 2153 uon
2606 2086 2816 2153 solum
2861 2086 2928 2151 in
2973 2103 3322 2171 paragoge,

441 2200 555 2266 sed
603 2200 794 2265 etiam
839 2200 907 2266 in
954 2221 1245 2288 epagoge
1290 2202 1647 2268 exercitum
1678 2212 1788 2268 aut
1818 2204 2033 2278 unium
2080 2212 2192 2268 aut
2232 2201 2535 2278 duorum,
2586 2212 2694 2268 aut
2737 2203 2955 2277 trium,
3007 2207 3117 2265 aut
3162 2217 3324 2286 qua-

438 2329 591 2383 tuor
636 2314 907 2382 laterum
956 2315 1209 2401 agmine
1255 2315 1577 2403 proficisci
1621 2337 1837 2406 posse.

662 2430 821 2497 Ael.
869 2427 1189 2496 XXXIX
1238 2441 1301 2497 et
1346 2429 1489 2497 LX.
1523 2469 1591 2495 =
1620 2435 1789 2498 Arr.
1840 2455 1895 2500 c.
1929 2437 2013 2499 39
2046 2434 2130 2501 in.
2165 2433 2226 2500 S.
2275 2453 2337 2521 p.
2381 2435 2466 2497 67
2498 2453 2593 2518 sq.
2638 2433 2712 2499 B.
2763 2427 2858 2516 ἔτι
2900 2427 2971 2496 δὲ
3005 2469 3080 2478 -
3111 2449 3322 2514 παρα-

442 2552 699 2630 γωγαῖς.
792 2547 916 2612 Hic
962 2566 1224 2633 quoque
1285 2568 1449 2635 quae
1506 2549 1574 2612 iu
1634 2549 1906 2614 Arriano
1955 2549 2289 2636 leguntur,
2354 2569 2499 2615 cum
2543 2546 2864 2616 Aelianeis
2906 2546 3042 2613 fere
3087 2562 3327 2610 couve-

442 2665 655 2736 niunt‚
739 2660 853 2728 sed
912 2673 975 2728 et
1029 2662 1096 2727 iu
1153 2661 1264 2728 illo
1310 2661 1499 2751 plura
1562 2663 1877 2730 excidisse
1922 2664 2260 2740 videntur,
2324 2674 2389 2732 et
2432 2664 2529 2730 his
2575 2664 2782 2730 aliena
2828 2661 3110 2728 admixta
3153 2666 3322 2754 suut.

443 2779 653 2867 Magis
701 2779 887 2845 etiam
935 2787 1283 2865 utrumque
1328 2776 1676 2845 observare
1722 2777 1870 2846 licet
1912 2779 1979 2845 iu

619 2894 793 2961 Ael.
844 2890 1005 2960 XLI
1052 2903 1114 2959 et
1157 2890 1371 2958 XLll.
1409 2929 1479 2958 =
1509 2895 1681 2959 Arr.
1732 2915 1786 2960 c.
1834 2897 1919 2959 39
1965 2893 2073 2960 fin.
2121 2871 2210 2962 S.⁴
2241 2915 2302 2983 p.
2350 2897 2436 2961 68
2481 2896 2556 2962 Β.
2619 2887 3028 2978 ἑτερόστομος
3071 2925 3158 2936 -
3201 2881 3326 2972 φά-

446 3013 699 3092 λαγγος.
747 3010 888 3076 Vid.
921 3008 1112 3083 infra,
1148 3006 1260 3073 ubi
1292 3007 1509 3074 itidem
1546 3007 1625 3074 de
1654 3008 1905 3075 Aeliani
1938 3031 2030 3076 cc.
2057 3006 2594 3076 XLII—XLVII
2625 3008 3012 3098 expositum,
3048 3021 3321 3091 quorum

451 3125 731 3213 capitum
778 3146 858 3191 ne
902 3123 1239 3211 vestigium
1289 3123 1543 3209 quidem
1593 3124 1661 3188 in
1706 3125 2032 3191 Arrianeis
2078 3123 2598 3213 deprehenditur,
2649 3123 2770 3189 nisi
2817 3121 2991 3209 quod
3036 3141 3091 3186 c.
3123 3122 3208 3184 40
3235 3117 3320 3182 in.

442 3241 508 3308 S.
549 3262 612 3328 p.
649 3243 731 3306 68
765 3260 860 3328 sq.
893 3235 971 3304 B.
1019 3235 1177 3304 ὅταν
1220 3275 1307 3285 -
1351 3242 1633 3304 καλεῖται
1679 3238 1992 3327 quaedam
2027 3240 2107 3306 de
2152 3238 2416 3307 embolo
2446 3250 2510 3306 et
2555 3237 2956 3306 coelemholo
3002 3235 3319 3321 leguntur,

448 3375 618 3443 quae
664 3353 745 3421 ab
790 3354 1039 3422 Aeliani
1086 3375 1142 3420 c.
1181 3350 1431 3420 XLVII
1478 3374 1607 3419 non
1654 3353 1846 3442 longe
1892 3352 2159 3431 absunt.
2212 3355 2384 3423 unde
2427 3355 2619 3421 etiam
2664 3363 2931 3442 apparet
2974 3374 3038 3440 p.
3071 3353 3156 3417 69
3199 3369 3321 3436 pro

440 3467 866 3554 ἀντίστομος
908 3469 1125 3558 potius
1168 3463 1209 3553 ἡ
1255 3464 1686 3554 ἀμφίστομος
1732 3469 2071 3555 legendum
2116 3491 2280 3538 esse.

659 3584 827 3653 Ael.
873 3582 1179 3652 XLVIII.
1209 3621 1279 3648 =
1308 3586 1470 3651 Arr.
1521 3605 1574 3650 c.
1606 3588 1693 3652 40
1725 3583 1831 3650 fin.
1880 3585 1946 3652 S.
1998 3606 2063 3674 p.
2117 3590 2201 3651 69
2247 3581 2325 3652 Β.
2375 3584 2674 3651 πλαίσιον
2721 3619 2797 3634 -
2845 3586 3041 3650 καλεῖ.
3085 3583 3322 3647 Remo-

442 3703 522 3768 tis
593 3698 1196 3790 interpolationibus
1259 3699 1597 3776 Aelianus,
1670 3701 1737 3766 in
1785 3722 1915 3787 quo
1970 3699 2327 3767 πλαίσιον
2383 3722 2506 3790 pro
2557 3694 2871 3784 πλάγιον
2915 3694 3322 3764 scribendum

440 3825 570 3891 est.
624 3837 773 3883 cum
816 3815 1092 3882 Arriano
1142 3815 1476 3883 consentit.

662 3930 825 3998 Ael.
872 3927 1373 3998 Xle-Llll.
1411 3933 1676 3998 =Arr.
1730 3953 1787 3998 c.
1841 3933 2106 3998 41-45
2154 3932 2218 3999 S.
2269 3954 2331 4020 p.
2379 3933 2640 3997 69-’14
2683 3929 2757 3996 Β.
2822 3924 2862 3994 ὃ
2903 3926 3010 3993 καὶ
3040 3963 3124 3975 -
3154 3919 3318 3990 ἀπο-

448 4043 871 4130 κατάστησον.
969 4048 1149 4113 Haec
1194 4044 1276 4112 ad
1323 4044 1588 4113 verbum
1634 4065 1843 4134 paene
1886 4047 1951 4112 in
2010 4058 2288 4132 utroque
2334 4053 2728 4132 congruunt,
2799 4043 2921 4110 nisi
2980 4040 3155 4132 quod
3221 4040 3325 4106 hic

448 4163 583 4229 illic
626 4160 850 4252 paullo
896 4161 1259 4228 accuratius
1305 4183 1440 4226 rem
1490 4171 1717 4228 tractat
1763 4162 2095 4229 Arrianus.
2170 4162 2251 4227 Et
2295 4160 2400 4228 hic
2444 4159 2702 4249 quidem
2744 4169 3094 4248 utrumque
3133 4155 3319 4224 libel-

446 4279 581 4344 lum
628 4276 799 4344 finiri
845 4276 1081 4365 epilogi
1129 4276 1397 4352 docent,
1448 4275 1531 4343 de
1577 4276 1809 4365 quibus
1854 4287 2081 4367 postea
2124 4275 2390 4342 dicetur.

663 4397 1035 4456 Emendanda
1072 4397 1132 4453 in
1166 4399 1507 4454 Arriano:
1545 4415 1593 4454 c.
1627 4395 1693 4452 ⁴1
1737 4399 1796 4454 S.
1835 4415 1890 4470 p.
1928 4397 1991 4452 71
2038 4397 2101 4454 Β.
2137 4401 2551 4453 ἐπεκτείναντα.
2618 4395 2764 4451 Ὀυκ
2799 4395 3073 4451 οἴονται
3106 4396 3176 4450 δὲ
3211 4394 3318 4450 τῶν

580 4493 984 4571 σκευοφόρων]
1025 4495 1213 4550 guent.
1252 4493 1377 4561 οὐχ
1416 4493 1573 4550 οἷόν
1618 4513 1705 4551 τε.
1777 4497 1859 4550 Δί
1893 4497 1967 4549 δὲ
2012 4513 2062 4550 τ.
2098 4512 2190 4549 ox.
2228 4523 2300 4535 —
2341 4509 2391 4550 c.
2431 4492 2502 4548 43
2539 4493 2600 4550 S.
2637 4493 2767 4550 ibid.
2805 4496 2858 4549 cl
2887 4494 3040 4562 '0an
3079 4496 3132 4548 εἰ
3159 4489 3214 4548 ἅ.

650 4593 713 4648 ln
767 4593 1086 4650 Aeliano
1135 4593 1199 4648 L.
1249 4599 1390 4648 extr.
1444 4593 1647 4650 lacuna
1696 4597 1787 4650 est
1838 4591 1945 4649 hoc
1989 4593 2155 4649 modo
2202 4591 2511 4663 explenda:
2565 4591 2678 4668 πρὸ
2724 4591 2833 4662 μὲν
2874 4593 2973 4662 τῆς
3007 4589 3320 4662 φάλαγγος,

579 4689 679 4744 ἐὰν
736 4687 831 4764 [ἐκ
885 4693 1005 4760 τῆς
1057 4691 1429 4762 πολεμίας
1479 4689 1782 4767 ἀπάγῃς,
1839 4687 2152 4746 ’ὄπισθεν
2205 4691 2274 4744 δὲ
2310 4691 2430 4758 τῆς
2466 4687 2861 4761 φάλαγγος,
2915 4685 3054 4762 ἐὰν]
3095 4690 3176 4754 εἰς
3208 4705 3318 4743 πο-

580 4786 781 4858 λεμίαν
814 4792 920 4845 οῑθ.

660 4887 849 4954 Hunc
910 4886 1105 4974 igitur
1185 4896 1430 4956 tantum
1510 4895 1771 4975 tamque
1824 4897 2211 4977 ,accuratum
2301 4907 2683 4955 consensum
2752 4885 2865 4974 qui
2932 4883 3316 4974 comparatis
