4400 5784
1681 675 2196 748 ...19-

490 890 701 957 adhuc
750 887 994 956 dubito.
1071 887 1234 953 Nam
1279 896 1734 973 praeterquam
1781 881 1956 971 quod
2005 883 2156 949 satis
2197 882 2436 969 inepte,
2486 903 2655 969 quae
2698 880 2837 970 jam
2882 904 3002 951 suo
3051 882 3197 949 loeo
3246 894 3392 971 apte

489 1006 790 1095 exposita
837 1016 1060 1078 erant,
1113 1014 1442 1089 tamquam
1493 1021 1660 1067 nova
1710 999 1923 1066 alieno
1989 998 2136 1065 loco
2184 996 2634 1071 intruduntur,
2684 996 2780 1063 bis
2828 996 3014 1065 nobis
3059 996 3280 1065 qu
3328 1010 3393 1065 et

422 1136 428 1141 ’
490 1118 671 1189 XLV
721 1120 800 1186 de
849 1117 1184 1186 oviformis
1231 1117 1517 1204 equitum
1565 1116 1726 1181 aciei
1755 1115 2092 1181 inventore
2123 1113 2403 1200 ineptiae
2448 1113 2868 1188 incutiuntur,
2921 1135 3087 1202 quae
3136 1136 3172 1180 a
3220 1117 3393 1204 turpi

490 1238 684 1305 unius
730 1233 1031 1302 vocabuli
1089 1231 1456 1319 corruptela
1522 1232 1837 1317 originem
1900 1229 2242 1295 duxerunt.
2336 1229 2587 1295 Etenim
2642 1250 2837 1317 snpra
2899 1229 3069 1317 apud
3134 1241 3389 1297 utrum-

493 1374 622 1440 que
670 1351 958 1437 legimus.

839 1464 965 1519 Arr.
1006 1478 1054 1517 c.
1094 1464 1166 1515 24
1201 1460 1259 1517 S.
1299 1477 1352 1532 p.
1392 1460 1465 1514 42
1507 1460 1568 1517 Β.
2506 1459 2630 1515 Ael.
2672 1458 2875 1515 xvnl.

495 1590 566 1664 τῇ
597 1592 706 1659 μὲν
740 1588 813 1656 δὴ
849 1585 1185 1663 ῥομβοειδεῖ
1214 1584 1368 1653 τάξει
1406 1584 1472 1640 τὸ
1503 1585 1648 1639 πολὺ
1680 1588 1912 1641 Θεσσα-
1983 1593 2109 1652 ταῖς
2141 1587 2251 1654 μὲν
2286 1579 2386 1639 οὖν
2424 1582 2791 1660 §oppassum
2830 1588 3065 1641 δοκοῦσι
3103 1588 3395 1642 Θεσσαλοὶ

495 1688 590 1741 aot
627 1686 983 1761 ἐχρήσαντο,
1037 1687 1138 1737 καὶ
1178 1683 1432 1737 εἰλεῶν
1469 1683 1571 1753 (sic
1607 1686 1760 1749 cod.;
1811 1686 1914 1737 Εἰ·
1983 1684 2313 1757 κεχρῆσθαι
2359 1685 2423 1739 ἐν
2460 1684 2663 1759 ἱππικῇ
2710 1683 2853 1737 πολὺ
2888 1686 3243 1754 δυνηθέντες,
3276 1683 3397 1739 ’Ῑώ-

496 1784 636 1837 λεών
675 1782 778 1852 Β),
829 1782 901 1848 ὥς
939 1782 1135 1852 λόγος,
1189 1778 1224 1834 ὁ
1273 1779 1556 1847 Θετταλὸς
1602 1780 1670 1834 τὸ
1713 1782 1914 1850 σχῆμα
1986 1780 2202 1847 σονός
2240 1800 2411 1847 σφισι
2450 1780 2676 1856 πρῶτον
2721 1781 2787 1835 τὸ
2820 1782 3021 1851 σχῆμα
3060 1782 3229 1837 τοῦτο
3268 1786 3397 1838 ἑπι-

501 1883 665 1936 τοῦτο
710 1883 929 1955 πρῶτος
963 1880 1216 1952 ἐξεῦρεν,
1266 1878 1398 1947 ἐμοὶ
1438 1879 1496 1931 δὲ
1533 1879 1718 1946 δοκεῖ,
1773 1896 1914 1951 προ-
1985 1880 2317 1949 νοήσαντος.

500 1978 854 2051 εξευρημένῳ
893 1975 1038 2030 πολὺ
1064 1973 1266 2045 (vulgo
1303 1974 1520 2047 πολλῷ)
1551 1973 1916 2049 χρησάμενος

494 2074 586 2129 ἀπ’
632 2073 804 2129 αὑτοῦ
836 2072 1233 2142 εὐδοκίμησεν.

671 2173 956 2241 Thessali
997 2194 1234 2239 nomen
1277 2170 1502 2239 leviter
1538 2184 1916 2260 corruptum
1965 2174 2135 2262 apud
2182 2176 2526 2241 Arrianum
2558 2185 2735 2240 recte
2764 2176 2831 2241 in
2861 2174 3132 2242 Aeliano
3165 2176 3400 2263 legitur

501 2287 768 2374 (Εἰλεών
797 2326 869 2355 =
895 2283 1132 2362 Ἰλεῶν,
1184 2284 1725 2375 quemadmodum
1773 2310 2030 2379 semper
2077 2290 2213 2357 sere
2257 2292 2391 2374 εἴλη
2435 2288 2609 2378 apud
2642 2290 2777 2363 hos,
2828 2312 2955 2356 non
3002 2292 3107 2376 ἴλη
3140 2291 3397 2378 legitur;

500 2408 817 2472 ΙΛΕΩΝ
849 2426 1004 2473 vero
1050 2405 1220 2471 idem
1268 2420 1462 2495 atque
1511 2404 1856 2487 IAcszNJ,
1911 2426 1992 2471 ex
2025 2426 2156 2493 quo
2187 2405 2332 2493 ipso
2367 2414 2541 2492 patet
2570 2406 2891 2471 neminem
2922 2406 3121 2473 alium
3164 2407 3402 2473 intelli—

501 2521 782 2609 gendum
813 2542 956 2588 esse
979 2522 1102 2588 nisi
1127 2522 1564 2589 Pheraeorum
1588 2522 1768 2588 illum
1802 2534 2169 2610 tyrannum,
2209 2541 2402 2607 quem
2426 2532 2687 2587 strenue
2720 2521 3149 2588 Macedonum
3176 2544 3400 2609 regum

503 2637 766 2705 militiae
811 2637 1162 2725 prolusisse
1209 2638 1309 2704 vel
1365 2659 1448 2704 ex
1492 2638 1742 2727 paucis,
1794 2658 1960 2724 quae
2007 2648 2373 2724 supersunt,
2424 2636 2801 2703 testimoniis
2842 2636 3084 2724 liquide
3130 2637 3401 2704 demon-

501 2755 691 2820 strari
737 2764 970 2841 potest.
1066 2752 1198 2819 Sed
1244 2752 1384 2841 jam
1429 2752 1611 2828 vide,
1665 2752 1820 2841 qnid
1867 2774 1952 2819 ex
1997 2751 2102 2817 illa
2145 2750 2381 2838 duplici
2430 2730 2719 2839 ejusdem
2768 2753 3041 2819 nominis
3088 2756 3404 2842 scriptura

503 2868 786 2935 effictum
835 2871 915 2935 sit
961 2869 1195 2935 XLlll:
1245 2864 1488 2953 ταύτην
1531 2871 1784 2952 πρῶτος
1825 2863 2080 2935 Ἰλέων
2125 2868 2301 2951 (sicl)
2363 2854 2550 2949 εὗρεν
2596 2860 2633 2929 ὁ
2684 2861 3041 2947 Θεσσαλός,
3090 2864 3252 2933 ὅθεν
3294 2870 3401 2935 καὶ

501 2986 629 3068 ἴλη
697 2981 768 3049 ἐκ
825 2986 944 3049 τοῦ
1006 2979 1325 3068 ὀνόματος
1387 2978 1593 3049 αὐτοῦ
1648 2980 1971 3069 κέκληται,
2023 2982 2128 3047 καὶ
2184 2978 2351 3067 πρὸς
2407 2976 2569 3047 αὐτὸ
2633 2978 2707 3048 τὸ
2768 2985 2977 3067 σχῆμα
3032 2982 3403 3062 Θεσσαλοὺς

503 3096 751 3175 πάντας
795 3096 1185 3183 ἐγύμνασεν,
1233 3110 1297 3167 et
1343 3099 1532 3189 pejus
1579 3100 1771 3167 etiam
1820 3096 2032 3165 XLV:
2081 3098 2227 3181 περὶ
2256 3094 2490 3182 ταύτης
2528 3093 2722 3163 οὐδὲν
2749 3094 2945 3164 πλέον
2990 3095 3163 3165 ἔστιν
3206 3100 3405 3167 εἰπεῖν

507 3210 552 3297 ἦ
596 3211 696 3279 ὅτι
740 3221 977 3297 στοιχεῑ
1015 3211 1134 3299 μέν
1153 3265 1170 3290 ,
1243 3210 1323 3280 οὐ
1381 3218 1556 3299 ζυγεῑ
1609 3212 1678 3281 δέ
1696 3233 1713 3250 ·
1776 3211 1849 3280 τὸ
1905 3210 2029 3298 γὰρ
2101 3215 2395 3298 χρειῶδες
2438 3216 2556 3279 τοῦ
2602 3209 2921 3299 σχήματος
2972 3212 3405 3300 προλαβόντες

509 3324 879 3413 εἰρήκαμεν,
943 3326 1042 3395 ὅτι
1087 3318 1264 3416 εὗρε
1308 3327 1428 3415 μὲν
1471 3326 1679 3415 αὐτὴν
1719 3325 1980 3397 Ἰλέων
2030 3325 2383 3407 Θεσσαλός,
2455 3328 2857 3415 ἐπήσκησε
2900 3326 2981 3395 δὲ
3026 3325 3234 3417 αὐτὴν
3274 3328 3407 3399 Ἰά-

507 3461 665 3510 σων
711 3439 748 3511 ὁ
793 3445 1088 3530 Μηδείας
1133 3440 1329 3531 ἆνὴρῐ
1428 3447 1564 3513 Has
1611 3466 1857 3535 nugas,
1909 3468 2079 3535 qnae
2127 3468 2162 3513 a
2212 3448 2494 3533 capitum
2530 3445 2791 3513 illorum
2824 3447 3141 3536 scriptore
3189 3469 3407 3516 remo-

507 3563 645 3628 veri
706 3582 836 3627 non
883 3572 1190 3650 possunt,
1264 3561 1608 3628 Aelianeae
1667 3564 2060 3629 recensionis
2123 3562 2373 3628 auctori
2437 3560 2803 3628 adtribuere
2851 3561 3091 3630 dubito.
3190 3566 3407 3652 ltaque

511 3678 680 3745 haud
749 3679 886 3744 scio
956 3698 1036 3743 an
1109 3677 1326 3744 omnia
1391 3677 1498 3743 illa
1547 3700 1602 3743 c.
1653 3674 2257 3744 XLm—XLvm
2298 3677 2385 3743 in.
2420 3714 2495 3725 -
2534 3670 3021 3761 ηὐτρεπισμένα
3064 3680 3280 3766 potius
3328 3680 3405 3744 ad

507 3793 1218 3882 interpolationes
1267 3792 1600 3859 referenda
1647 3793 1807 3868 sint,
1859 3814 2031 3881 quae
2075 3804 2223 3859 sunt
2262 3792 2521 3859 tertium
2568 3790 3150 3860 additamentorum
3196 3814 3399 3881 genus

511 3912 578 3977 in
624 3910 932 3977 Aelianeo
978 3908 1200 3975 libello
1251 3907 1776 3996 conspicuorum.
1853 3910 1986 3975 Has
2031 3908 2595 3996 interpolationes,
2647 3928 2816 3995 quae
2854 3908 3069 3974 variae
3114 3918 3263 3975 sunt
3304 3911 3407 3976 in-

513 4026 676 4092 dolis
723 4035 788 4091 et
833 4024 1134 4113 originis,
1176 4024 1316 4112 jam
1361 4023 1642 4089 breviter
1687 4023 1972 4091 indicare
2017 4024 2246 4113 placet.

683 4142 742 4208 n
787 4152 952 4207 extr.
1003 4142 1314 4205 τοσαῦται
1345 4176 1430 4189 -
1462 4134 1866 4224 ἐλεφάντωνε
1928 4141 2144 4225 inepta
2193 4148 2258 4205 et
2304 4138 2543 4205 inutilis
2573 4140 2893 4206 variarum
2940 4151 3408 4209 armaturarum

513 4258 935 4326 enumeratio.

685 4371 827 4440 XII
875 4384 1077 4440 totum
1139 4383 1353 4459 caput.
1448 4370 1633 4454 Quae
1693 4371 1794 4438 hic
1842 4371 1922 4437 de
1969 4370 2427 4438 Macedonicae
2474 4372 2805 4459 phalangis
2852 4385 3182 4461 utcunque
3228 4373 3413 4441 bonis

513 4510 594 4554 ex
658 4488 940 4555 fontibus
1019 4488 1388 4555 referuntur
1459 4501 1823 4563 armatura,
1896 4489 2165 4577 repetita
2242 4506 2278 4552 a
2344 4489 2560 4554 Leone
2605 4488 2727 4569 vl,
2797 4492 2881 4555 38
2948 4499 3009 4556 et
3080 4488 3410 4557 Constant.

517 4626 582 4691 p.
637 4608 806 4671 1228
855 4625 951 4692 sq.
978 4650 994 4678 ,
1059 4615 1234 4671 certe
1279 4603 1550 4671 meliora
1613 4604 1888 4672 edocere
1953 4614 2251 4692 poterant
2302 4624 2449 4679 eos,
2515 4605 2626 4692 qui
2671 4604 2763 4670 illi
2808 4605 3123 4671 maximos
3172 4604 3413 4694 clipeos

512 4718 882 4786 adscribere
928 4719 1158 4787 solent.

691 4832 921 4902 XXV:
998 4834 1203 4902 verba
1265 4831 1485 4922 πρώτη
1541 4830 1764 4912 στάσις
1813 4872 1890 4883 -—-
1939 4828 2272 4919 σύνταγμα
2326 4828 2363 4899 ὁ
2408 4830 2850 4917 περισπασμός
2894 4834 3157 4901 alteram
3206 4836 3412 4901 conti-

517 4961 674 5017 nent
735 4950 999 5027 cliseos,
1073 4951 1433 5019 metabolae
1489 4961 1554 5018 et
1605 4950 1988 5038 perispasmi
2045 4949 2508 5017 definitionem.
2600 4952 2759 5017 Item
2815 4948 3011 5017 verba
3059 4946 3413 5035 ἐπιστροφὴ
