4400 5784
2232 644 2745 717 -14-

1032 852 1370 941 utriusque
1415 850 1615 919 libelli
1659 852 1871 920 verbis
1906 852 2385 941 contemplatus
2416 854 2635 929 fuerit,
2687 874 2817 919 non
2850 850 3190 932 dubitabit,
3238 850 3393 939 quin
3426 870 3636 939 paene
3668 848 3748 917 ad
3798 870 3943 915 ver·

1035 967 1190 1038 bum
1263 979 1373 1037 aut
1433 967 1598 1036 alter
1669 990 1754 1037 ex
1819 968 2022 1035 altero
2080 968 2403 1044 hauserit,
2490 978 2601 1035 aut
2669 980 2945 1057 uterque
3016 988 3423 1035 communem
3498 966 3739 1032 fontem
3824 986 3943 1032 ex·

1037 1085 1358 1173 presserit.
1451 1086 1948 1172 Utrumcunque
2011 1086 2341 1159 statueris,
2408 1105 2511 1151 res
2581 1083 2812 1151 eodem
2881 1082 3089 1153 redit.
3166 1093 3235 1149 ut
3287 1081 3405 1149 hos
3452 1081 3701 1149 libellos
3746 1082 3938 1149 unius

1037 1198 1461 1288 ejusdemque
1505 1198 1652 1265 libri
1699 1199 1984 1267 diversas
2037 1201 2446 1267 recensiones
2498 1200 2641 1267 sive
2692 1199 3007 1266 editiones
3058 1218 3200 1265 esse
3242 1197 3551 1265 dicamus.
3644 1197 3938 1276 Quarum

1039 1314 1391 1382 editionum
1439 1314 1790 1381 indolem
1831 1318 2321 1406 peculiarem
2364 1317 2418 1382 si
2458 1326 2849 1404 spectamus,
2884 1314 3357 1381 Arrianeam
3389 1312 3675 1379 dicemus
3706 1334 3941 1401 qnam-

1039 1432 1134 1497 vis
1195 1430 1484 1498 mutilam
1533 1440 1597 1496 et
1657 1429 2028 1499 lacunosam
2055 1479 2072 1507 ‚
2127 1441 2335 1499 tamen
2383 1451 2530 1497 cum
2576 1430 2643 1495 in
2706 1429 2922 1497 multis
2984 1430 3345 1495 accuratius
3405 1430 3711 1515 scriptam
3772 1450 3939 1504 esse,

1044 1556 1180 1613 tum
1230 1546 1496 1612 omnino
1549 1547 1753 1613 virum
1801 1548 1895 1613 rei
1939 1548 2229 1615 militaris
2278 1568 2551 1634 gnarum
2597 1566 2858 1632 sapere;
2922 1545 3399 1613 Aelianeam
3444 1564 3637 1619 vero,
3690 1543 3944 1631 plenam

1043 1660 1216 1727 illam
1283 1672 1476 1750 atque
1535 1662 1886 1749 integram,
1958 1663 2235 1729 bominis
2300 1661 2541 1736 videri,
2608 1662 2721 1748 qui
2772 1659 2853 1726 ab
2906 1660 3049 1749 ipso
3105 1681 3231 1727 usu
3278 1659 3522 1725 alienus
3571 1658 3749 1725 domi
3791 1680 3948 1726 suae

1043 1786 1392 1867 praecepta
1440 1779 1689 1844 ratione
1723 1788 1963 1846 tantum
2011 1779 2378 1866 excogitata
2410 1776 2785 1866 prodiderit.
2868 1777 3015 1843 Huc
3060 1796 3207 1841 cum
3256 1776 3377 1841 alia
3422 1774 3761 1863 pertinent,
3813 1788 3948 1842 tum

1048 1914 1217 1980 quae
1269 1893 1349 1961 ad
1397 1915 1452 1960 c.
1501 1893 1644 1960 vn.
1690 1890 1874 1959 XIV.
1920 1891 2068 1960 XV.
2118 1889 2297 1958 XVI.
2344 1890 2599 1959 xvlss.
2653 1889 2817 1958 XX.
2874 1891 3179 1958 adnotata
3232 1902 3400 1959 sunt.
3480 1888 3731 1957 Clarius
3778 1891 3947 1957 idem

1049 2008 1329 2077 elucebit
1375 2031 1459 2075 ex
1506 2007 1862 2076 additam
1882 2009 2138 2083 entis.
2190 2028 2359 2097 quae
2406 2006 2579 2096 apud
2626 2004 2963 2074 Aelianum
3011 2005 3348 2095 leguntur,
3421 2005 3499 2072 ad
3546 2027 3715 2093 quae
3763 2015 3945 2071 ante-

1047 2145 1242 2212 quam
1313 2134 1570 2191 transeo
1586 2172 1616 2200 ,,
1676 2124 1924 2212 insigne
1995 2124 2405 2211 praemittere
2474 2122 2684 2210 placet
2764 2123 3175 2211 exemplum,
3251 2143 3445 2209 quam
3514 2120 3687 2188 male
3734 2119 3948 2187 Aelia-

1048 2260 1169 2305 nus
1241 2249 1352 2307 aut
1413 2241 1756 2307 Attianum
1829 2250 1938 2306 ant
2000 2260 2406 2306 communem
2476 2238 2714 2304 fontem
2774 2237 3179 2304 intellexerit.
3278 2238 3584 2303 Arrianus
3648 2258 3701 2303 c.
3752 2240 3838 2301 20
3885 2236 3947 2303 S.

1046 2377 1110 2443 p.
1159 2358 1245 2421 38
1291 2352 1400 2431 B„
1474 2355 1589 2421 ubi
1636 2356 1718 2422 de
1769 2354 2094 2443 phalange
2150 2353 2541 2421 instituenda
2588 2354 2753 2439 agit,
2826 2353 2950 2419 boc
3010 2353 3118 2419 dat
3165 2362 3615 2442 praeceptum:
3683 2374 3839 2428 τους
3882 2347 3952 2415 δὲ

1048 2465 1414 2555 οὐραγοῦ
1437 2494 1470 2548 ς
1515 2464 1595 2535 οὐ
1639 2464 1778 2536 κατ’
1825 2466 2028 2556 ἀλκὴν
2057 2464 2146 2548 ὥς
2172 2465 2335 2535 κατὰ
2382 2464 2643 2534 σύνεσιν
2686 2468 2791 2533 καὶ
2850 2466 3179 2553 ἐμπειρίαν
3221 2471 3353 2533 τῶν
3382 2470 3744 2551 πολεμικῶν
3788 2464 3950 2531 ἑπι-

1051 2582 1396 2662 λέκτους
1439 2581 1559 2671 χρὴ
1605 2580 1802 2666 εἶναι,
1872 2580 1959 2663 ὥς
2011 2584 2447 2670 ἐπιμελεῖσθαι
2490 2586 2609 2650 τοῦ
2670 2590 2943 2669 στοιχεῖν
2986 2580 3066 2649 τά
3114 2578 3271 2667 ζυγὰ
3316 2582 3425 2649 καὶ
3465 2589 3603 2659 τοῖς
3647 2581 3952 2649 ἐθελοκα-

1055 2704 1243 2767 κοῦσι
1285 2696 1372 2787 μὴ
1421 2698 1670 2786 ἐφιέναι
1713 2696 2211 2786 ἀποδιδράσκειν
2256 2698 2374 2779 ἔξω
2417 2703 2530 2785 τῆς
2572 2696 2841 2779 τάξεως·
2912 2696 3082 2764 ὅπου
3126 2696 3195 2763 δὲ
3246 2699 3462 2785 (vulgo
3505 2702 3592 2782 τε)
3643 2712 3951 2763 συνασπιρ

1055 2820 1224 2901 σμοῦ
1267 2812 1567 2902 δεήσειεν,
1615 2806 1804 2894 οὗτός
1849 2814 2020 2883 ἐστιν
2065 2811 2102 2885 ὁ
2146 2811 2420 2901 μάλιστα
2466 2814 2531 2893 ἐς
2591 2810 2958 2899 πυκνότητα
2999 2810 3156 2891 τούς
3198 2811 3326 2899 πρὸ
3374 2812 3609 2880 ἑαυτοῦ
3654 2808 3949 2897 τεταγμέ-

1052 2956 1211 3009 νους
1255 2929 1578 3017 ξυνάγων,
1629 2928 1702 3009 ὃς
1729 2927 1850 3017 τὴν
1892 2934 2110 2997 πᾶσαν
2141 2928 2327 3017 ἰσχὺν
2369 2934 2467 3021 τῷ
2513 2927 3016 3015 συντάγματι
3061 2926 3317 3019 τούτῳ
3362 2927 3715 3015 παρέχεται.
3774 2926 3949 2995 Sin-

1054 3049 1430 3135 gulorum
1477 3046 1915 3114 locborum
1963 3068 2198 3135 uragos
2232 3047 2355 3114 dici
2388 3048 2597 3135 quivis
2627 3046 2838 3127 videt3
2889 3047 3000 3113 sed
3048 3069 3180 3114 non
3227 3047 3383 3114 vidit
3426 3046 3732 3113 Aelianus
3764 3040 3947 3117 XIV,

1058 3166 1171 3251 qui
1219 3162 1386 3229 male
1431 3161 1769 3230 intellectis
1801 3161 2134 3231 vocabulis
2167 3159 2532 3241 ἐπιλέκτους
2580 3174 2643 3230 et
2685 3166 2777 3253 τῷ
2824 3160 3219 3247 συντάγματι
3259 3160 3471 3253 τούτῳ
3502 3161 3660 3229 illud
3693 3160 3951 3250 quidem

1054 3278 1136 3345 ad
1181 3280 1489 3366 quinos
1549 3278 2202 3367 uniuscujusque
2258 3280 2797 3369 syntagmatis
2863 3279 3169 3367 epilectos
3224 3279 3359 3345 sive
3406 3289 3688 3345 ectactos
3735 3275 3954 3342 retulit

1068 3432 1140 3441 —
1183 3394 1312 3461 vid.
1367 3394 1503 3462 Ael.
1553 3392 1677 3462 IX.
1808 3397 1950 3462 Arr.
2001 3417 2052 3462 c.
2109 3400 2209 3461 ¹5.
2245 3432 2355 3471 --‚
2406 3405 2603 3463 totam
2651 3417 2787 3461 rem
2838 3415 2998 3462 vero
3044 3394 3169 3461 boc
3206 3394 3401 3461 modo
3450 3394 3748 3461 detorsit:
3800 3385 3839 3458 ὁ
3884 3388 3955 3456 δὲ

1054 3504 1231 3575 καθ’
1303 3506 1640 3575 ἕκαστον
1705 3505 2119 3595 σύνταγμα
2184 3506 2565 3587 ἔκτακτος
2630 3505 2985 3595 οὐραγὸς
3042 3508 3201 3576 ἔστω
3260 3505 3553 3587 συνετός,
3622 3506 3782 3575 ὅλου
3825 3510 3947 3573 τοῦ

1062 3621 1504 3708 συντάγματος
1557 3622 2066 3712 προνοούμενος,
2137 3628 2247 3692 ἵνα
2305 3628 2600 3711 στοιχῶσι
2657 3624 2781 3691 καὶ
2840 3628 3188 3710 ζυγῶσιν
3236 3625 3455 3711 (babes
3503 3626 3736 3692 iterum
3786 3621 3953 3690 male

1057 3738 1453 3806 intellectum
1499 3739 1660 3823 illud
1709 3717 1990 3808 A'rriani:
2064 3748 2336 3827 στοιχεῖν
2388 3738 2469 3807 τά
2514 3736 2671 3825 ζυγά
2688 3742 2733 3825 l)
2783 3736 3110 3827 ἀλλήλοις,
3156 3737 3311 3818 τούς
3350 3764 3419 3807 τε
3464 3736 3951 3824 άναδυομένους

1059 3851 1167 3921 διὰ
1213 3856 1462 3921 δειλίαν
1505 3851 1550 3941 ἢ
1595 3850 1676 3921 δι’
1723 3852 1922 3941 ἄλλην
1975 3853 2121 3923 τινὰ
2167 3857 2379 3923 αἰτίαν
2432 3854 2786 3923 κελεύων
2846 3856 2993 3945 (boc
3044 3858 3255 3946 ipsum
3301 3855 3596 3933 verbum,
3647 3856 3953 3945 quoniam

1064 3990 1195 4037 non
1245 3991 1520 4059 corpore
1563 3972 1708 4060 ipso
1756 3981 1903 4038 ante
1948 3982 2189 4039 stantes
2246 3993 2476 4058 urgere
2538 3982 2783 4060 potest,
2836 3994 2956 4061 pro
3001 3973 3317 4039 Arrianeo
3361 3968 3449 4056 μὴ
3494 3969 3739 4057 ἐφιέναι
3798 3968 3953 4037 ἄπο-

1065 4080 1431 4172 διδράσκειν
1477 4085 1771 4154 consulto
1830 4089 2062 4176 posuit)
2117 4088 2210 4164 εἰς
2256 4083 2440 4165 τάξιν
2500 4081 2925 4168 καθεστάναι,
2997 4084 3069 4152 ἔν
3135 4109 3202 4153 τε
3268 4093 3403 4165 τοῖς
3468 4093 3953 4171 συνασπισμοῖς,

1063 4195 1180 4266 ἐάν
1224 4223 1320 4278 τις
1361 4202 1539 4286 χρεία
1581 4199 1866 4287 γένηται,
1923 4197 2309 4287 ἀναγκάσει
2354 4200 2570 4290 (vulgo
2616 4196 3000 4289 ἀναγκάσῃ)
3048 4202 3437 4287 συνερείδειν
3496 4198 3651 4280 τοὺς
3710 4198 3958 4288 ἄνδρας

1063 4313 1163 4382 ὅτι
1207 4312 1482 4401 μάλιστα
1525 4314 1842 4405 ἀλλήλοις.
1933 4321 2127 4384 τοῦτο
2169 4312 2295 4401 γάρ
2342 4314 2473 4382 ἐστι
2514 4312 2590 4381 τὸ
2634 4312 2756 4401 τὴν
2800 4314 2989 4402 ίσχύν
3044 4321 3133 4408 τῷ
3177 4313 3448 4403 τάγματι
3490 4314 3955 4404 παρεχόμενον,

1063 4432 1171 4497 ἵνα
1215 4428 1302 4517 μὴ
1347 4428 1555 4516 μόνον
1615 4432 1686 4499 ἐν
1736 4434 1828 4523 τῷ
1872 4428 2140 4523 μετώπῳ
2153 4481 2170 4508 ,
2241 4428 2403 4497 ἀλλὰ
2455 4431 2559 4498 καὶ
2620 4427 2715 4498 ἐπ’
2762 4428 2964 4517 οὐρᾶς
3016 4437 3137 4499 τοῦ
3187 4428 3509 4519 τάγματος
3567 4424 3793 4517 κ’ὖριός
3856 4458 3953 4511 τις

1062 4540 1317 4635 ὑπάρχῃ
1361 4550 1494 4613 τῶν
1535 4545 2014 4635 προειρημένων
2057 4544 2271 4613 ἕνεκεν
2315 4547 2553 4613 αἰτιῶν.
2621 4546 2813 4616 Vides
2858 4548 3153 4638 loquacis
3197 4549 3472 4617 bominis
3521 4548 3732 4617 verbis
3778 4549 3950 4617 haud

1067 4662 1293 4730 melius
1337 4684 1476 4730 rem
1522 4664 1934 4731 obscuratam
1977 4662 2304 4731 illustrari.

1248 4777 1374 4846 Sed
1415 4778 1552 4867 jam
1599 4777 1680 4845 ad
1729 4778 2295 4846 additamenta
2355 4778 2495 4867 ipsa
2543 4778 2803 4846 accedo.
2896 4780 3138 4846 Eorum
3208 4781 3365 4847 tria
3432 4802 3742 4869 genera
3786 4791 3955 4847 sunt.

1065 4892 1350 4960 Primum
1413 4914 1618 4981 genus
1663 4896 1992 4963 Arriano
2005 4914 2124 4962 um
2171 4892 2499 4962 brevitatis
2544 4915 2739 4961 causa
2786 4894 3118 4984 appellare
3165 4895 3345 4964 licet:
3408 4895 3533 4963 buc
3580 4896 3792 4965 refero
3840 4915 3954 4964 eos
