4400 5784
2210 647 2726 720 —10—

1016 855 1365 923 sedecim
1434 853 1673 942 pedum
1732 851 2195 939 longitudinem
2259 856 2326 920 in
2393 853 2830 942 computando
2875 855 3106 921 retinet
3152 854 3370 942 itaque
3401 891 3479 902 —
3519 875 3665 920 cum
3714 876 3911 942 qna-

1018 983 1198 1039 tuor
1251 969 1451 1060 pedes
1498 966 1791 1035 manibus
1838 967 2157 1035 sufficiant
2191 1006 2268 1018 -——
2309 967 2643 1037 duodenos
2691 981 2838 1035 ante
2889 969 3136 1058 singula
3194 991 3471 1059 corpora
3499 969 3714 1057 ‘pedes
3760 992 3911 1058 pro-

1023 1089 1366 1162 minnisse,
1439 1085 1686 1174 primos
1754 1103 1911 1149 vero
1960 1083 2218 1150 ordines
2264 1087 2434 1150 senis
2479 1085 2760 1158 sarissis‚
2833 1107 3104 1174 quarum
3165 1085 3364 1151 altera
3424 1085 3691 1152 alteram
3748 1084 3911 1152 binis

1022 1201 1301 1293 pedibus
1345 1201 1779 1290 superaverit.
1831 1200 2109 1266 munitos
2156 1199 2354 1266 fuisse
2400 1201 2806 1288 pronuntiat,
2876 1199 3180 1288 Polybius
3229 1200 3268 1265 Ι.
3321 1223 3375 1266 c.
3439 1205 3560 1276 12,
3607 1212 3644 1262 2
3689 1212 3754 1268 et
3800 1203 3912 1289 qui

1025 1340 1170 1387 eum
1224 1318 1306 1384 ad
1359 1317 1625 1384 verbum
1685 1336 1889 1404 paene
1936 1313 2277 1402 exscripsit
2329 1312 2638 1382 Aelianus
2695 1316 2856 1381 haec
2925 1315 3219 1383 tradunt:
3288 1313 3363 1381 τὸ
3409 1313 3479 1382 δὲ
3521 1319 3652 1382 τῶν
3697 1333 3909 1401 σαρισ-

1021 1438 1153 1500 σῶν
1197 1428 1471 1519 μέγεθός
1516 1429 1648 1496 ἐστι
1688 1427 1851 1496 κατὰ
1895 1428 2013 1514 μὲν
2056 1426 2177 1514 τὴν
2222 1427 2286 1508 ἐξ
2333 1424 2530 1516 ἀρχῆς
2572 1425 2892 1496 ὑπόθεσιν
2946 1427 3276 1498 ἑκκαίδεκα
3331 1435 3552 1516 πηχῶν
3573 1481 3590 1508 ,
3641 1429 3804 1497 κατὰ
3843 1429 3912 1497 δὲ

1016 1545 1140 1634 τὴν
1183 1543 1476 1634 ἁρμογὴν
1516 1543 1636 1632 τὴν
1678 1542 1842 1632 πρὸς
1882 1541 2005 1630 τὴν
2049 1539 2366 1630 ἀλήθειαν
2415 1541 2598 1632 (κατὰ
2645 1544 2713 1612 δὲ
2757 1542 2878 1632 τὴν
2923 1541 3236 1633 ἀλήθειαν
3283 1559 3532 1614 tantum
3576 1548 3904 1632 Aelianus)

1022 1659 1522 1749 δεκατεσσάρων.
1614 1661 1740 1730 Sed
1787 1683 1957 1750 quae
2005 1659 2238 1727 deinde
2283 1671 2678 1748 sequuntur,
2745 1662 3000 1730 diverso
3059 1663 3254 1730 modo
3319 1665 3624 1730 referunt.
3716 1647 3913 1752 Potj-

1018 1779 1163 1847 bins
1212 1778 1473 1868 quidem
1518 1789 1854 1867 quatuor
1899 1777 2128 1844 cubitis
2157 1779 2328 1844 inter
2374 1797 2598 1844 manus
2648 1778 2883 1844 relictis
2931 1776 3130 1846 denos
3175 1778 3465 1846 hostibus
3513 1779 3762 1848 obverti
3809 1779 3910 1847 di-

1020 1897 1144 1971 cit,
1196 1897 1284 1962 ita
1330 1906 1402 1961 ut
1446 1903 1843 1984 protostatae
1889 1914 2021 1961 non
2068 1915 2373 1960 senorum
2421 1892 2531 1960 sed
2567 1895 2913 1980 quinorum
2961 1895 3256 1961 ordinum
3316 1894 3510 1962 hastis
3557 1895 3912 1965 firmentur.

1019 2010 1329 2078 Aelianus
1392 2021 1658 2085 contra,
1732 2011 1843 2096 qui
1898 2009 2068 2076 haud
2130 2009 2328 2077 dubie
2372 2008 2623 2098 Polybii
2684 2019 2749 2076 et
2792 2010 3048 2076 Arriani
3107 2011 3469 2077 testimonia
3517 2011 3915 2100 conjungere

1021 2126 1309 2203 studuit,
1381 2136 1451 2193 ut
1496 2145 1687 2191 senos
1745 2125 1811 2190 in
1874 2125 2184 2213 impetum
2229 2125 2590 2213 implicaret
2636 2125 2932 2199 ordines,
3007 2147 3138 2190 non
3185 2137 3498 2213 quatuor,
3552 2125 3667 2192 sed
3715 2125 3913 2193 duos

1025 2241 1277 2310 cubitos
1322 2239 1619 2308 manibus
1668 2241 1984 2327 assignat,
2055 2240 2282 2306 ceteris
2349 2239 2686 2306 duodecim
2745 2240 3077 2329 projectis.
3178 2243 3261 2308 Se
3318 2250 3530 2308 autem
3587 2243 3916 2331 praecepti

1028 2363 1129 2426 sni
1177 2380 1309 2426 non
1356 2357 1507 2425 satis
1557 2368 1801 2423 certum
1861 2377 2002 2421 esse
2058 2352 2272 2443 prodit
2333 2355 2451 2430 iis,
2524 2376 2690 2441 quae
2736 2357 2946 2422 statim
2993 2369 3382 2444 sequuntur:
3465 2353 3568 2423 διὸ
3612 2357 3721 2423 καὶ
3765 2353 3916 2424 καθ’

1021 2473 1289 2541 ἕκαστον
1319 2476 1449 2538 τῶν
1494 2469 1567 2538 ἐν
1610 2473 1699 2560 τῷ
1743 2467 1973 2560 πρῶτῳ
2020 2473 2187 2560 ζυγῷ
2233 2467 2630 2554 τεταγμένων
2663 2469 2961 2557 σάρισσαι
3005 2470 3034 2537 έ
3078 2469 3125 2558 ἢ
3167 2496 3206 2538 κ
3224 2471 3299 2538 αὶ
3345 2467 3433 2539 στ’
3483 2471 3905 2558 προβεβλημέ-

1018 2611 1129 2656 ναι
1178 2599 1298 2655 etc.
1390 2587 1580 2676 Apud
1626 2588 2010 2674 Byzantinos
2060 2608 2238 2660 vero,
2290 2587 2402 2674 qui
2447 2585 2698 2653 diversa
2731 2589 3000 2655 miscere
3041 2589 3285 2664 solent,
3339 2609 3419 2654 ne
3467 2589 3733 2655 minoris
3766 2590 3901 2676 qui-

1028 2705 1172 2771 dem
1224 2703 1602 2770 sarissarum
1650 2702 2065 2790 longitudinis
2110 2699 2387 2768 obscura
2436 2703 2753 2788 quaedam
2804 2704 3113 2770 memoria
3161 2704 3360 2770 deest.
3445 2706 3538 2770 lta
3578 2706 3744 2770 enim
3771 2707 3898 2769 Leo

1018 2820 1145 2894 Vl,
1200 2824 1319 2894 38,
1392 2815 1507 2886 ubi
1561 2816 1642 2883 de
1688 2820 1863 2905 gravi
1910 2815 2340 2884 Macedonum
2402 2817 2689 2904 loquitur
2739 2831 3097 2885 armatura:
3181 2809 3260 2904 ἦν
3305 2817 3376 2885 δὲ
3419 2819 3526 2885 καὶ
3568 2815 3902 2903 κοντάριον

1024 2930 1106 3000 οὐ
1150 2928 1531 3020 μικρότερον
1590 2936 1811 3018 πηχῶν
1853 2929 2078 3018 η’.τό
2136 2929 2207 2998 δὲ
2263 2927 2662 3016 μακρότερον
2721 2930 2900 3018 μέχρι
2960 2939 3079 3000 τοῦ
3137 2931 3465 3000 δύνασθαι
3509 2931 3717 3017 ἄνδρα
3757 2957 3900 3019 κρα-

1018 3051 1259 3116 τοῦντα
1301 3053 1505 3115 κινεῖν
1558 3043 1717 3114 αὐτὸ
1764 3042 2071 3124 εὐκόλως,
2120 3068 2290 3135 quae
2333 3048 2690 3135 paullulum
2747 3061 2990 3116 mutata
3051 3051 3176 3117 hoc
3227 3050 3425 3117 modo
3472 3051 3906 3139 transscripsit

1028 3163 1361 3233 Constant.
1409 3187 1473 3253 p.
1525 3167 1733 3229 1229:
1797 3157 1968 3247 εἶχον
2012 3159 2081 3228 δὲ
2124 3161 2230 3228 καὶ
2275 3160 2583 3248 κοντάρια
2631 3158 2711 3229 οὐ
2755 3159 3098 3250 μικρότερα
3140 3161 3317 3250 παρὰ
3361 3161 3516 3243 τούς
3561 3161 3727 3231 ὀκτῶ
3787 3163 3912 3252 πή·-

1022 3303 1169 3366 χεις.
1260 3275 1336 3346 τὰ
1382 3275 1453 3345 δὲ
1494 3273 1893 3363 μακρότερον
1935 3273 2281 3361 κοντᾶριον
2331 3267 2446 3363 ἦν,
2517 3275 2674 3344 ὅσον
2731 3275 3002 3345 δύναται
3049 3274 3215 3365 ἀνὴρ
3259 3287 3517 3363 κρατεῖν
3559 3281 3664 3349 καὶ
3709 3289 3916 3348 κινεῖν

1026 3389 1304 3470 εὐκόλως
1350 3389 1531 3460 αὐτό.
1621 3393 1703 3458 Et
1770 3392 1995 3459 eadem
2062 3415 2167 3459 res
2226 3392 2307 3460 ab
2367 3394 2828 3481 interpolatore
2891 3396 2956 3461 in
3001 3391 3346 3463 Aelianum
3391 3398 3514 3462 ΧΠ
3557 3397 3731 3464 illata
3779 3409 3907 3464 est:

1025 3505 1193 3595 δόρυ
1237 3504 1307 3574 δὲ
1351 3504 1440 3593 μὴ
1489 3505 1749 3576 ἔλαττον
1795 3503 2198 3594 ὄκταπήχεος.
2289 3505 2363 3576 τὸ
2418 3506 2492 3574 δὲ
2547 3505 2858 3594 μήκιστον
2912 3507 3092 3595 μέχρι
3137 3507 3351 3599 (vulgo
3412 3510 3589 3598 μετὰ)
3634 3516 3752 3579 τοῦ
3797 3509 3913 3579 δύο

1022 3629 1269 3690 νασθαι
1336 3621 1544 3710 ἄνδρα
1608 3627 1971 3709 κρατοῦντα
2036 3627 2316 3709 χρῆσθαι
2382 3620 2696 3710 εὐμαρῶς.
2791 3627 2882 3692 lta
2930 3647 3075 3693 cnm
3125 3626 3202 3694 ad
3254 3629 3699 3715 gravissimum
3746 3628 3908 3694 illud

1031 3747 1481 3826 argumentum
1529 3761 1611 3806 ex
1658 3761 1730 3806 re
1773 3741 1914 3827 ipsa
1961 3742 2230 3828 petitum
2277 3748 2343 3806 et
2386 3740 2546 3807 baec
2589 3740 2854 3828 vestigia
2903 3742 3212 3809 accedant
3269 3755 3330 3809 et
3377 3742 3609 3810 diserta
3655 3745 3912 3810 Arriani

1025 3857 1377 3922 auctoritas
1400 3903 1417 3932 ‚
1492 3855 1739 3922 sarissis
1808 3877 2123 3922 summam
2201 3855 2486 3922 dicemus
2552 3855 2968 3944 longitudinis
3032 3879 3324 3924 normam
3378 3858 3574 3925 fuisse
3631 3860 3906 3927 sedecim

1021 3973 1350 4060 pedum,
1401 3993 1532 4039 non
1592 3971 1992 4047 cubitorum,
2063 3993 2184 4038 nec
2239 3970 2412 4038 illam
2476 3981 2686 4037 tamen
2733 3973 3029 4061 religiose
3075 3995 3330 4060 semper
3376 3985 3438 4040 et
3481 3972 3723 4062 ubique
3768 3996 3904 4040 ser-

1020 4097 1233 4153 vatam
1279 4107 1441 4154 esse.

1193 4203 1405 4269 Unum
1451 4211 1692 4279 restat,
1766 4203 1878 4290 qui
1922 4201 2160 4270 factum
2211 4205 2327 4280 sit,
2394 4215 2466 4271 ut
2512 4203 2665 4271 artis
2711 4203 3055 4292 scriptores
3103 4216 3231 4272 tam
3279 4217 3675 4273 monstrosas
3723 4205 3909 4271 effin-

1022 4327 1243 4403 gerent
1300 4317 1687 4405 inutilesque
1754 4319 1985 4385 hastas.
2080 4318 2246 4386 Satis
2306 4319 2564 4406 quidem
2635 4331 2769 4386 erat
2831 4318 2912 4385 ad
2971 4319 3414 4386 confusionem
3472 4321 3645 4387 haud
3700 4340 3906 4387 raram

1032 4432 1256 4497 ποδῶν
1303 4443 1365 4499 et
1409 4436 1630 4518 πηχῶν
1674 4452 2087 4522 provocasse.
2181 4431 2315 4500 Sed
2361 4433 2758 4501 commodius
2815 4435 3006 4500 etiam
3053 4443 3118 4500 et
3160 4433 3558 4522 probabilius
3605 4433 3910 4522 quiddam

1022 4545 1406 4636 responderi
1461 4558 1695 4636 potest.
1786 4547 1955 4615 Dicit
2016 4546 2362 4614 Arrianus:
2436 4543 2602 4634 ἀνὴρ
2645 4544 2769 4635 γὰρ
2815 4544 3075 4634 ὁπλίτης
3118 4543 3384 4635 εἱστήκει
3429 4545 3649 4628 αὐτοῖς
3701 4547 3907 4616 κατὰ

1017 4657 1428 4728 πύκνωσιν
1472 4659 1551 4728 ἐν
1595 4657 1745 4728 δύο
1788 4657 2084 4748 πήχεσι
2126 4658 2434 4747 μάλιστα,
2483 4664 2659 4750 quod
2692 4664 2860 4731 idem
2891 4664 3002 4731 sed
3039 4664 3177 4732 aliis
3205 4663 3423 4732 verbis
3455 4665 3650 4732 refert
3681 4665 3904 4755 Polyb.

1025 4779 1067 4843 l.
1118 4798 1174 4843 c.
1221 4770 1260 4842 ὁ
1304 4771 1423 4860 μὲν
1484 4770 1649 4862 ἀνὴρ
1696 4777 1944 4844 ἵσταται
1988 4773 2113 4844 σὺν
2154 4785 2292 4856 τοῖς
2335 4774 2556 4855 ὅπλοις
2598 4776 2678 4845 ἐν
2719 4779 2928 4866 τρισὶ
2973 4779 3153 4847 ποσὶ
3199 4777 3391 4847 κατὰ
3451 4777 3587 4859 τὰς
3629 4779 3906 4866 ἐναγω-

1015 4891 1253 4968 νίους
1317 4888 1811 4972 πυκνῶσειςς
1883 4902 2230 4983 utrumqne
2289 4893 2627 4984 conjunxit
2672 4895 2974 4963 Aelianus
3043 4895 3414 4964 scribendo:
3492 4891 3530 4963 ὅ
3571 4893 3697 4985 γὰρ
3743 4892 3909 4983 ἀνὴρ
