4400 5784
2189 670 2700 742 -20—

1001 875 1060 945 δ’
1107 877 1279 944 ἐστὶν
1326 916 1388 927 -
1455 872 1808 963 ἐπιστροφὴ
1851 876 2094 960 γίνεται
2137 877 2570 966 epistropbam
2604 876 2896 945 similiter
2926 875 3277 966 explicant.
3330 888 3523 965 atque
3568 888 3701 943 tum
3753 898 3891 942 ver-

1003 997 1100 1064 bis
1146 994 1349 1082 magis
1397 993 1720 1059 Arrianeis
1768 988 2124 1079 ἐπιστροφή
2168 990 2341 1058 ἐστιν
2393 1032 2465 1041 -
2518 989 2889 1077 δηλώσομεν
2932 992 3313 1082 explicatur.

1178 1107 1511 1176 XXVIII:
1585 1106 1779 1174 verba
1838 1104 2168 1174 Μακεδών
2211 1104 2458 1192 λέγεται
2508 1146 2587 1159 —-
2636 1106 2999 1193 ἐπιφανεῖσα.
3042 1108 3401 1192 πολεμίοις,
3472 1128 3639 1195 quae
3686 1104 3892 1172 exeli-

1004 1248 1222 1316 gmum
1268 1221 1797 1298 Macedonicum,
1847 1221 2044 1289 verba
2091 1217 2130 1289 ὁ
2174 1220 2247 1289 δὲ
2292 1218 2532 1290 Λάκων
2574 1260 2663 1271 -
2710 1222 3073 1308 ἐπιφανεῖσα,
3115 1224 3476 1307 πολεμίοις.
3546 1243 3715 1309 quae
3762 1222 3889 1286 La-

1003 1344 1299 1411 conicum
1349 1338 1824 1412 demonstrant,
1873 1350 2011 1405 tum
2059 1360 2228 1426 quae
2274 1338 2353 1405 de
2400 1338 2941 1428 duplicationibus
2970 1340 3181 1406 statim
3214 1337 3644 1428 subjiciuntur
3687 1332 3897 1401 ἰστέον

1006 1456 1103 1526 ὅτι
1150 1494 1232 1505 —-
1293 1449 1549 1539 ἀνδρῶν
1603 1448 1806 1518 τόπον
1865 1474 1994 1519 non
2052 1464 2327 1542 possunt
2383 1475 2523 1521 esse
2581 1454 2927 1523 Aelianeae
2982 1454 3373 1521 recensionis
3428 1452 3729 1519 auctoris.
3833 1453 3893 1516 ls

1001 1574 1270 1663 propius
1316 1568 1640 1636 Arrianeis
1687 1590 1804 1635 sua
1851 1567 2133 1636 admovit
2157 1616 2174 1644 ‚
2228 1590 2397 1657 quae
2442 1569 2602 1637 haec
2650 1580 2894 1636 tantum
2942 1580 3126 1635 sunt:
3174 1563 3331 1645 τούς
3373 1564 3443 1633 δὲ
3485 1562 3773 1651 τρόπους
3806 1604 3885 1615 --

1007 1684 1445 1767 ἀποδείξομεν.
1499 1678 1536 1750 ὁ
1579 1680 1698 1767 μὲν
1743 1672 1866 1748 οὖν
1908 1720 1997 1731 -
2043 1686 2352 1751 ἵστανται.
2444 1681 2683 1751 Λάκων
2727 1682 2797 1750 δὲ
2844 1673 2931 1749 αὖ
2974 1697 3095 1751 etc.
3144 1704 3351 1772 usque
3394 1682 3474 1749 ad
3522 1682 3737 1749 finem.
3793 1683 3893 1748 De

1007 1802 1431 1891 diplasiasmis
1479 1796 1725 1865 XXIX
1774 1799 1961 1888 plene
2008 1801 2326 1889 exposuit.

1179 1913 1485 1982 XXXIV
1532 1926 1738 1981 totum
1787 1928 2007 2003 caput:
2056 1936 2281 1982 rursus
2326 1915 2557 1982 similia
2606 1915 2686 1981 de
2731 1915 3155 1984 Macedonico
3212 1924 3274 1981 et
3320 1916 3645 1981 Laconico
3690 1912 3895 1980 exeli-

1008 2055 1159 2121 gmo
1209 2032 1528 2119 leguntur.

1180 2144 1516 2215 XXXVI:
1567 2150 1851 2211 καλεῖται
1895 2142 1964 2211 δὲ
2005 2142 2209 2223 οὕτως
2258 2186 2334 2198 -
2384 2142 2775 2232 προσβολήν.
2870 2146 3055 2225 Quae
3101 2146 3205 2213 bic
3252 2144 3583 2232 leguntur,
3634 2143 3890 2232 partim,

1008 2277 1077 2331 ut
1121 2263 1232 2329 illa
1280 2260 1406 2347 ἔχει
1451 2258 1520 2327 δὲ
1565 2257 1640 2326 τὸ
1683 2258 1896 2345 τάγμα
1941 2257 2064 2327 δύο
2107 2256 2339 2346 λόχους
2384 2257 2512 2327 ἀπὸ
2538 2258 2691 2329 δέκα
2736 2256 3019 2345 ἀνδρῶν,
3074 2261 3331 2328 aliunde
3368 2268 3671 2347 excerpta
3704 2279 3896 2346 pror-

999 2400 1108 2445 sus
1153 2376 1646 2451 inextricabilia,
1698 2377 1962 2465 partim,
2012 2389 2084 2443 ut
2130 2376 2211 2442 de
2258 2377 2465 2445 ortbia
2500 2398 2789 2467 epagoga
2822 2388 2885 2445 et
2916 2376 3320 2445 co'elembolo
3354 2376 3669 2449 doctrina,
3723 2384 3894 2439 certe

1003 2516 1132 2561 non
1179 2492 1378 2580 hujus
1424 2492 1551 2560 loci
1597 2502 1761 2559 sunt.

1179 2605 1548 2675 XXXVII:
1600 2602 1961 2691 ἀμφότεραι
2005 2604 2074 2673 δὲ
2125 2644 2204 2657 —-
2250 2604 2637 2693 προσβολάς.
2708 2608 2805 2675 Ne
2851 2609 3010 2676 baec
3057 2606 3320 2695 quidem
3345 2653 3364 2680 .
3416 2605 3568 2672 satis
3616 2602 3895 2671 obscura

1011 2764 1092 2775 -—
1142 2723 1294 2813 quid
1346 2725 1517 2789 enim
1562 2721 1669 2789 illa
1717 2722 1839 2788 sibi
1884 2702 2141 2789 volunt:
2208 2719 2361 2789 δέκα
2404 2719 2523 2807 μὲν
2566 2720 2691 2808 γὰρ
2738 2721 2857 2809 ἔχει
2905 2720 2979 2791 τὸ
3025 2718 3265 2807 στόμα,
3334 2726 3505 2801 τρεῖς
3548 2716 3619 2785 δὲ
3662 2714 3737 2784 τὸ
3782 2713 3893 2803 βά-

1009 2848 1169 2917 θος,
1216 2842 1409 2905 τοῦτο
1454 2834 1524 2903 δὲ
1567 2840 1680 2922 τῆς
1721 2834 1926 2922 μάχης
1969 2834 2097 2903 ἐστὶ
2141 2840 2396 2923 σχῆμαὶ)
2445 2876 2527 2887 -
2547 2887 2566 2915 ,
2618 2840 2742 2907 huc
2790 2840 3125 2929 pertinent.

1181 2953 1338 3022 XL:
1389 2949 1464 3019 τὸ
1507 2949 1580 3019 δὲ
1623 2956 1923 3019 τοιοῦτον
1975 2990 2048 3002 -
2102 2954 2387 3041 σίδηρον.
2480 2956 2657 3021 Haec
2704 2976 2970 3043 quoque
3011 2954 3143 3044 jam
3193 2952 3532 3019 babuimus
3560 2998 3577 3025 ‚
3654 2948 3895 3037 Philip-

1002 3073 1277 3159 pum'ut
1323 3070 1514 3136 cunei
1575 3070 1887 3157 equestris
1943 3070 2355 3137 inventorem
2400 3066 2659 3145 XVIII,
2734 3070 3285 3158 comparationem
3346 3089 3493 3135 cum
3558 3066 3710 3133 ferri
3758 3066 3895 3131 acie

1001 3187 1353 3254 institutam
1401 3182 1592 3250 XIII.

1180 3297 1405 3366 XLII:
1459 3296 1590 3365 ἔστι
1634 3295 1706 3363 δὲ
1747 3301 1941 3364 τοῦτο
1983 3295 2058 3365 τὸ
2103 3300 2415 3367 πλινθίον
2456 3338 2537 3349 -
2585 3295 2627 3383 ἡ
2670 3302 2983 3385 διμοιρία,
3031 3301 3216 3387 quasi
3247 3298 3586 3388 plinthium
3634 3319 3716 3363 ex
3763 3316 3895 3363 uno

999 3415 1195 3483 locbo
1244 3414 1658 3481 formaretur!
3706 3394 3719 3407 ⁸

1178 3526 1496 3599 XLVIII:
1546 3522 1794 3595 ὁπλῖται
1847 3567 1922 3579 -
1975 3524 2385 3614 σφενδόναις.
2454 3532 2641 3598 Hanc
2686 3529 3110 3620 hoplitarum.
3163 3530 3575 3621 peltastarum
3624 3539 3688 3594 et
3733 3526 3896 3593 levis

1003 3659 1367 3715 armaturae
1433 3644 1871 3712 definitionem
1941 3646 2393 3714 recentissimis
2462 3646 2719 3714 demum
2784 3644 3183 3735 temporibus
3252 3668 3335 3712 ex
3392 3642 3896 3733 Byzantinorum

996 3761 1218 3829 illuvie
1273 3761 1399 3828 buc
1460 3760 1830 3827 translatam
1886 3780 2026 3826 esse
2092 3782 2284 3828 voces
2347 3760 2696 3847 hybridae:
2762 3762 3053 3845 λωρίκια,
3121 3759 3513 3845 ἐπιλωρίκια,
3571 3758 3895 3833 maumas,

1000 3878 1460 3945 demonstrant.

1181 3992 1388 4059 Etiam
1436 3990 1708 4059 ridicula
1755 3992 1862 4059 illa
1921 3993 2219 4082 quadrati
2274 3993 2540 4079 agminis
2582 3992 2823 4081 figura.
2892 4014 3059 4080 quae
3102 3994 3166 4059 in
3216 3991 3345 4058 fine
3392 3989 3689 4080 opusculi
3734 4011 3895 4057 con-

999 4109 1302 4195 spicitur,
1355 4105 1630 4195 ejusque
1667 4103 1956 4193 ἐξήγησις
2006 4109 2091 4197 (p.
2141 4114 2272 4175 603
2318 4108 2418 4174 ed.
2469 4108 2765 4243 Gesner.)
2816 4105 3279 4175 recentioribus
3324 4106 3723 4196 temporibus
3780 4107 3896 4173 tri-

1001 4222 1256 4289 buenda
1303 4232 1507 4289 est..

1177 4335 1277 4403 Ex
1344 4337 1474 4413 his,
1551 4359 1718 4426 quae
1790 4336 2124 4425 bucusque
2192 4338 2693 4427 disputavimus,
2767 4360 2897 4407 non
2966 4338 3174 4407 solum
3231 4340 3356 4405 boc
3402 4339 3659 4407 elucere
3705 4350 3891 4427 puto,

1008 4452 1184 4542 quod
1229 4454 1412 4521 initio
1457 4454 1676 4541 posui,
1749 4451 2000 4519 libellos
2048 4464 2305 4521 nostros
2355 4454 2542 4520 unius
2598 4453 3023 4542 ejusdemque
3073 4454 3289 4542 operis
3336 4452 3619 4521 diversas
3665 4453 3895 4520 editio-

999 4590 1112 4635 nes
1161 4590 1336 4645 esse,
1409 4569 1522 4637 sed
1571 4570 1761 4636 etiam
1810 4568 1974 4643 boc,
2047 4570 2525 4636 Arrianeam
2574 4568 2919 4637 editionem
2978 4580 3039 4635 et
3098 4570 3527 4657 antiquiorem
3585 4578 3650 4635 et
3692 4568 3895 4656 magis

1003 4686 1318 4751 sinceram
1367 4706 1543 4761 esse,
1593 4684 2046 4751 Aelianeam
2096 4696 2321 4751 contra
2368 4695 2431 4751 et
2474 4685 2895 4752 recentiorem
2929 4696 2992 4749 et
3024 4684 3185 4751 varii
3214 4684 3468 4769 generis
3499 4682 3899 4751 additamen-

1003 4801 1081 4867 tis
1130 4821 1165 4865 a
1212 4800 1400 4889 primi
1447 4802 1726 4867 auctoris
1772 4800 2032 4888 ingenio
2083 4798 2306 4867 alienis
2352 4814 2701 4868 oneratam.
2771 4801 2917 4867 Huc
2966 4802 3156 4867 etiam
3204 4802 3501 4889 pertinet,
3563 4799 3739 4886 quod
3801 4798 3897 4866 ΠΙ
