4400 5784
2288 614 2739 685 —4-

1073 826 1398 893 includere
1455 826 1796 911 scriptores
1841 824 2355 909 scriptorumque
2398 823 2602 897 locos,
2652 820 2885 910 quibus
2929 820 3334 889 obsidionum
3384 832 3447 888 et
3494 830 3957 887 tormentorum

1081 943 1246 1007 ratio
1313 952 1504 1027 atque
1557 962 1661 1007 ars
1732 940 1955 1005 tactica
2013 937 2405 1005 Graecorum
2461 958 2611 1003 vere
2666 937 3030 1004 illustratur.
3138 938 3305 1003 Hinc
3362 938 3562 1024 priori
3632 936 3955 1009 volumini,

1081 1056 1255 1145 quod
1304 1056 1396 1122 his
1441 1058 1591 1142 ipsis
1636 1054 1859 1120 diebus
1906 1052 2154 1141 Lipsiae
2199 1053 2377 1141 prelo
2424 1051 2659 1141 subjici
2706 1064 2999 1139 coeptum
3048 1062 3178 1127 est,
3229 1064 3483 1140 praeter
3528 1050 3784 1117 Aeneae
3836 1072 3955 1136 po-

1074 1173 1447 1237 liorceticon
1506 1171 1782 1238 Philonis
1853 1181 1914 1235 et
1973 1166 2257 1235 Heronis
2320 1167 2787 1234 dissertationes
2832 1165 3231 1254 belopoeicas
3288 1188 3551 1254 prorsus
3600 1168 3959 1255 singulares

1079 1300 1140 1351 et
1187 1288 1471 1374 egregias
1517 1287 1897 1352 inseruimus
1918 1334 1935 1359 ,
1998 1285 2202 1371 iisque
2250 1282 2609 1371 appendicis
2666 1284 2809 1349 loco
2860 1282 3155 1357 Vitruvii,
3218 1282 3536 1349 Ammiani
3583 1280 3955 1355 Marcellini,

1075 1412 1138 1467 et
1185 1401 1324 1466 libri
1371 1401 1450 1467 de
1496 1399 1690 1467 rebus
1737 1400 1974 1465 bellicis
2020 1401 2241 1487 capita.
2270 1397 2346 1463 ad
2380 1398 2724 1485 catapultas
2770 1397 3154 1486 balistasque
3197 1400 3541 1484 spectantia
3582 1397 3957 1485 adjecimus,

1077 1538 1342 1604 eamque
1389 1517 1738 1583 doctrinam
1785 1515 2252 1582 commentariis
2299 1526 2362 1579 et
2409 1511 2629 1599 figuris
2682 1514 2767 1579 ita
2815 1513 3336 1600 explanavimus»,
3400 1526 3500 1585 ut,
3561 1534 3764 1599 usque
3808 1511 3959 1577 dum

1081 1656 1242 1698 nova
1293 1632 1666 1718 detegantur
1709 1630 2016 1705 subsidia,
2065 1652 2202 1697 eam
2251 1651 2384 1695 rem
2432 1629 2510 1696 ad
2556 1628 2746 1695 finem
2794 1649 2910 1695 nos
2954 1627 3335 1715 perduxisse
3380 1628 3562 1694 nobis
3610 1626 3956 1693 videamur.

1079 1748 1302 1813 Altero
1367 1768 1520 1811 vero
1585 1747 1929 1819 volumine,
2002 1765 2130 1832 quo
2191 1743 2575 1811 elaborando
2634 1744 2755 1811 hoc
2812 1746 2953 1831 ipso
3016 1756 3305 1831 tempore
3364 1764 3581 1811 snmus
3645 1745 3953 1829 occupati,

1083 1862 1276 1928 libros
1325 1863 1582 1927 tacticos
1629 1862 1736 1947 qui
1783 1858 2039 1927 Arriani
2087 1872 2150 1926 et
2191 1861 2433 1927 Aeliani
2490 1860 2782 1926 feruntur
2836 1859 3021 1925 simul
3068 1881 3212 1925 cum
3258 1859 3491 1926 inedita
3522 1857 3959 1945 Asclepiodoti

1083 1977 1440 2063 philosophi
1487 1977 1708 2041 tactica
1757 1976 2395 2063 comprehendemus,
2444 1974 2755 2042 Athenaei
2786 1986 2849 2043 et
2882 1974 3262 2062 Apollodori
3307 1974 3513 2049 libris,
3563 1974 3851 2060 quisunt
3881 1975 3961 2037 de

1083 2089 1537 2158 munitionibus
1569 2102 1632 2157 et
1661 2089 2096 2157 obsidionibus
2117 2142 2133 2165 ,
2173 2092 2359 2158 simul
2400 2111 2545 2157 cum
2580 2089 2849 2157 Vitruvii
2884 2101 2949 2156 et
2978 2089 3219 2178 Vegetii
3252 2088 3564 2178 capitibus
3591 2089 3671 2155 ad
3698 2089 3959 2155 eandem

1080 2230 1214 2272 rem
1243 2206 1700 2293 pertinentibus
1729 2206 2019 2293 adjectis.
2119 2204 2267 2273 Hoc
2301 2206 2523 2273 labore
2567 2209 2620 2271 si
2654 2208 2841 2273 etiam
2877 2206 3344 2294 philologorum
3378 2206 3583 2272 studia
3616 2218 3687 2271 ut
3716 2208 3779 2270 in
3804 2206 3962 2271 mili-

1078 2326 1223 2387 tiam
1273 2324 1593 2409 antiquam
1641 2333 2085 2388 convertamus
2132 2321 2313 2388 nobis
2368 2322 2737 2408 contigerit,
2784 2322 3055 2389 fortasse
3101 2333 3277 2387 vasto
3322 2321 3696 2407 eruditoque
3742 2318 3961 2385 Haasii

1077 2439 1286 2523 operi,
1334 2438 1504 2524 quod
1553 2438 1789 2504 tamdiu
1836 2439 1897 2502 in
1936 2438 2052 2503 viri
2104 2438 2343 2524 egregii
2373 2437 2616 2503 scriniis
2662 2439 2859 2503 latere
2906 2457 3093 2504 nemo
3138 2436 3322 2503 nobis
3358 2438 3606 2522 aegrius
3652 2436 3841 2513 ferat,
3890 2446 3961 2500 ut

1080 2556 1172 2619 via
1233 2566 1295 2618 et
1357 2553 1558 2619 aditus
1619 2556 1933 2619 muniatur
1989 2553 2224 2641 aliquid
2282 2553 2762 2619 contulerimus.
2874 2552 3142 2619 Aeliano
3191 2554 3383 2639 igitur
3443 2551 3833 2619 recensendo
3890 2562 3961 2616 ut

1079 2692 1148 2733 ea
1197 2680 1400 2741 certe,
1451 2692 1614 2755 qnae
1661 2670 1809 2735 mihi
1857 2668 2113 2757 quidem
2159 2679 2472 2755 paterent,
2521 2666 2799 2733 subsidia
2848 2666 3029 2734 nobis
3076 2689 3541 2754 compararem,
3588 2669 3957 2733 Joannem

1083 2782 1611 2851 Hunzikerum
1673 2784 2202 2867 Aargaviensem,
2268 2784 2375 2870 qui
2436 2783 2863 2849 academicum
2924 2782 3279 2849 studiorum
3346 2804 3602 2850 cursum
3666 2803 3959 2847 emensus

1080 2902 1426 2985 superioris
1447 2902 1591 2965 anni
1615 2901 1789 2965 exitu
1821 2899 2130 2967 Lutetiam
2157 2898 2551 2965 Parisiorum
2579 2920 2647 2963 se
2680 2896 3029 2973 conferret,
3074 2901 3322 2984 rogavi,
3362 2908 3432 2965 ut
3463 2898 3713 2963 codices
3744 2899 3957 2963 Aelia-

1085 3018 1148 3079 ni
1178 3015 1264 3079 ihi
1289 3028 1642 3080 asservatos
1667 3026 2017 3081 excuteret.
2075 3014 2147 3079 ld
2171 3016 2498 3102 negotium
2524 3035 2652 3080 non
2678 3015 2953 3100 suscepit
2976 3016 3183 3081 solum
3218 3017 3314 3079 vir
3337 3015 3735 3081 doctissimus
3761 3014 3959 3079 liben-

1081 3134 1350 3203 tissime,
1399 3132 1508 3197 sed
1556 3133 1798 3217 peregit
1847 3131 2035 3197 etiam
2085 3141 2249 3197 tanta
2296 3130 2632 3207 industria,
2682 3130 3032 3216 diligentia,
3094 3131 3501 3203 dexteritate,
3562 3142 3632 3195 ut
3674 3130 3805 3217 jam
3852 3130 3959 3215 ju-

1081 3247 1223 3310 dicii
1272 3246 1350 3310 de
1397 3244 1661 3311 Aeliano
1709 3244 1952 3311 ferendi
2000 3258 2243 3313 certum
2292 3257 2513 3312 nactus
2560 3248 2676 3311 sim
2722 3246 3220 3312 fundamentum.

1261 3362 1549 3427 intellexi
1610 3383 1762 3426 vero
1834 3362 2178 3427 rectissime
2238 3358 2541 3427 Haasium
2590 3362 2625 3425 Ι.
2678 3384 2734 3426 c.
2789 3383 2848 3448 p.
2898 3368 2979 3426 27
3028 3382 3163 3448 sqq.
3214 3361 3534 3441 docuisse,
3600 3361 3959 3427 militarium

1077 3480 1459 3563 scriptorum
1507 3497 1921 3564 quaecunque
1955 3477 2274 3563 supersint
2323 3498 2403 3541 ex
2438 3475 2682 3542 duabus
2719 3476 2999 3542 derivata
3046 3498 3185 3543 esse
3219 3477 3581 3543 vastissimis
3628 3476 3957 3542 collectio·-

1079 3591 1264 3657 nibus
1329 3592 1584 3657 saeculo
1644 3590 1741 3667 X,
1809 3603 1879 3656 ut
1950 3590 2226 3670 videtur,
2280 3591 2548 3657 fortasse
2611 3588 3009 3657 Constantini
3069 3590 3599 3680 porphyrogeniti
3666 3592 3957 3678 auspiciis

1077 3708 1374 3771 institutis
1394 3757 1410 3779 ,
1444 3726 1710 3793 quarum
1743 3727 1866 3771 una
1901 3706 2118 3771 codice
2150 3705 2257 3772 illo
2290 3704 2705 3771 celeberrimo
2734 3704 2789 3772 F
2806 3705 3025 3772 loren
3046 3707 3102 3772 ti
3122 3730 3160 3772 n
3180 3728 3219 3773 o
3254 3708 3405 3793 plut.
3438 3705 3567 3781 Lv,
3600 3710 3667 3781 4,
3716 3706 3797 3773 de
3827 3728 3957 3793 quo

1078 3820 1396 3887 uberrime
1443 3822 1739 3906 exposuit
1784 3817 2128 3886 Bandinius
2162 3818 2357 3887 Catal.
2394 3819 2576 3888 codd.
2613 3842 2861 3907 graece.
2897 3820 3045 3887 bibl.
3078 3820 3269 3887 Laur.
3317 3821 3415 3897 11,
3464 3842 3524 3908 p.
3561 3826 3954 3896 218—-238,

1079 3939 1507 4011 contineatur,
1571 3936 1767 4001 altera
1823 3935 2042 4002 codice
2087 3936 2449 4002 Parisino
2512 3940 2717 4015 2442,
2775 3938 2885 4024 qui
2932 3938 3083 4003 olim
3147 3948 3209 4002 et
3254 3938 3391 4024 ipse
3438 3933 3765 4005 Mediceus
3811 3936 3951 4002 fuit.

1081 4050 1179 4115 De
1227 4052 1333 4115 illo
1381 4050 1661 4137 quidem,
1725 4071 1854 4138 quo
1901 4072 2051 4117 sane
2097 4053 2189 4115 uti
2237 4049 2386 4116 mihi
2450 4073 2577 4116 non
2643 4051 2891 4117 licuisse
2938 4051 3165 4123 doleo,
3228 4051 3517 4138 pluribus
3572 4052 3785 4119 dicere
3856 4052 3957 4117 hie

1081 4187 1206 4231 non
1254 4166 1508 4240 attinet,
1575 4167 1694 4231 nisi
1741 4166 1862 4231 hoc
1906 4187 2134 4242 unum,
2193 4165 2446 4231 codices
2494 4167 2695 4232 multo
2743 4150 3107 4252 paucioreS,
3172 4168 3281 4252 qui
3327 4164 3381 4233 F
3386 4167 3737 4233 lorentinae
3781 4167 3960 4233 sami-

1080 4281 1199 4346 liae
1247 4282 1592 4366 supersint,
1665 4302 1742 4346 ex
1804 4282 1942 4365 ipso
1985 4278 2390 4355 Florentino,
2459 4293 2521 4347 et
2567 4281 2819 4368 quidem
2878 4293 3050 4361 „tum
3096 4279 3351 4347 demum
3398 4282 3650 4357 ductos,
3716 4304 3861 4347 cum
3904 4284 3961 4347 is

1074 4396 1208 4481 jam
1257 4417 1382 4461 non
1428 4396 1675 4481 integer
1721 4396 1985 4480 amplius
2033 4401 2265 4467 esset,“
2319 4408 2388 4460 ut
2436 4393 2651 4461 Haasii
2706 4390 2911 4460 verbis
2958 4405 3104 4461 utar
3150 4397 3193 4461 l.
3246 4419 3300 4462 c.
3353 4418 3413 4483 p.
3464 4402 3569 4463 29.
3679 4397 3817 4464 Alia
3865 4408 3961 4463 est

1075 4511 1364 4576 codicum
1412 4511 1739 4577 Parisinae
1784 4510 2054 4575 familiae
2101 4511 2301 4576 multo
2346 4511 2621 4597 plurium
2657 4509 2967 4590 conditi0,
3015 4531 3289 4597 quorum
3335 4523 3578 4599 partem
3628 4524 3799 4579 certe
3831 4534 3958 4578 non

1077 4648 1159 4690 ex
1205 4626 1345 4713 ipso
1393 4625 1501 4691 illo
1550 4626 2004 4699 vetustissimo,
2072 4625 2180 4691 sed
2231 4646 2311 4691 ex
2356 4625 2542 4691 simili
2592 4625 2871 4713 quodam
2916 4626 3028 4692 sed
3077 4637 3329 4694 vetusto
3376 4638 3439 4695 et
3482 4628 3623 4715 ipso
3671 4626 3961 4716 ejusdem

1071 4742 1362 4827 corporis
1418 4739 1593 4807 sonte
1657 4740 1918 4806 fluxisse
1977 4742 2136 4807 scite
2195 4741 2505 4807 intellexit
2570 4738 2845 4809 Haasins
2907 4740 3055 4807 ibid.
3120 4763 3183 4830 p.
3233 4747 3353 4816 33,
3424 4744 3533 4829 qui
3580 4753 3753 4809 recte
3808 4742 3961 4806 item

1072 4856 1433 4922 observavit
1505 4856 1828 4937 „codicem
1878 4856 2052 4921 illum
2118 4860 2288 4922 2442
2350 4876 2488 4922 esse
2534 4857 2788 4943 quidem
2838 4858 3033 4923 totius
3080 4855 3349 4923 familiae
3404 4856 3593 4944 longe
3642 4868 3963 4945 praestan-
