4400 5784
1735 609 2245 682 ..43-

554 815 720 866 verba
758 813 849 864 illa
886 801 923 879 ἧ
958 805 1017 866 ἐν
1051 810 1205 881 δεξιᾷ
1238 803 1275 880 ἢ
1310 807 1369 864 ἐν
1402 806 1664 884 εὐωνύμῳ
1716 828 1839 869 esse
1873 817 2111 872 arbitror
2148 819 2357 870 uncinis
2411 817 2618 888 seclusa
2636 855 2651 881 ,
2702 829 2841 882 quae
2887 829 2993 868 non
3045 829 3164 869 esse
3197 819 3430 883 genuina

554 911 641 963 vel
677 925 805 964 usus
842 912 1047 976 arguit,
1085 925 1191 977 quo
1215 908 1513 978 παραγωγὴ
1548 908 1719 977 δεξιά,
1756 927 1865 966 uon
1892 911 2191 982 παραγωγὴ
2217 908 2277 967 ἐν
2299 913 2453 985 δεξιᾷ
2487 916 2704 967 dicitur.
2782 913 2983 972 Causa,
3021 921 3241 980 propter
3266 930 3426 980 quam

555 1009 721 1059 verba
762 1009 1090 1068 intruderet,
1139 1009 1273 1060 haec
1310 1017 1452 1070 erat,
1510 1017 1571 1062 ut
1596 1011 1709 1076 ¹iam
1764 1012 1920 1064 initio
1966 1015 2023 1064 in
2061 1025 2360 1079 paragogae
2394 1011 2758 1065 definitionem
2805 1013 2964 1076 longa
3015 1013 3428 1079 interpolatione

550 1111 853 1170 separatam
891 1107 1115 1171 digitum
1152 1107 1477 1160 intenderet:
1515 1109 1613 1160 cir.
1648 1109 1718 1161 ad
1754 1108 2029 1172 XXXVII,
2069 1113 2120 1162 2.

756 1203 809 1253 4.
882 1205 1009 1257 Post
1034 1197 1287 1270 ἐπαγωγή
1306 1205 1465 1271 vulgo
1490 1206 1685 1258 iterum
1714 1207 1911 1272 legitur
1940 1200 2131 1273 ὀρθία.
2200 1203 2318 1260 Vox
2337 1209 2450 1273 ipsa
2481 1201 2730 1274 ἐπαγωγή
2751 1209 2805 1257 iu
2830 1207 2876 1258 Ι)
2901 1219 3040 1258 corr.
3071 1221 3134 1258 ex
3152 1201 3429 1274 ύπαγωγή.

552 1297 799 1365 τάγματι]
838 1300 914 1368 τῷ
946 1296 1179 1367 τάγματι
1214 1302 1281 1353 A.
1458 1303 1520 1354 In
1555 1303 1604 1354 A
1642 1309 1953 1357 constanter
1989 1305 2272 1357 indicativi
2307 1305 2593 1371 leguntur:
2635 1298 3002 1358 ἐπακολουθεῖ
3031 1335 3078 1347 -
3113 1299 3340 1358 ἕπονται
3363 1336 3428 1346 -

550 1391 996 1451 ἐπακολουθοῦσι.
1164 1399 1321 1463 Quod
1358 1401 1415 1452 in
1450 1400 1557 1452 flue
1592 1401 1789 1466 legitur
1823 1399 1965 1454 κατὰ
1997 1398 2178 1468 τάγμα
2215 1416 2384 1468 aeque
2419 1408 2582 1469 atque
2617 1402 3038 1456 additamentum
3061 1404 3190 1455 illud
3230 1418 3293 1455 ex
3330 1407 3366 1465 ⁸
3390 1403 3424 1454 5

552 1500 844 1560 remotum,
899 1509 961 1547 ea
1000 1498 1195 1548 intrusa
1236 1504 1358 1549 sunt
1394 1498 1461 1547 ab
1498 1499 1740 1557 homine,
1787 1499 1879 1563 qui
1918 1498 2049 1550 illud
2086 1495 2268 1565 τάγμα
2301 1494 2530 1566 τάγματι
2579 1513 2688 1552 nou
2725 1499 3070 1565 intelligeret.
3143 1500 3283 1552 Sane
3320 1514 3424 1553 vox

552 1592 671 1652 illa,
708 1606 869 1658 quam
908 1595 996 1644 iiic
1030 1594 1380 1660 generalioris
1417 1607 1537 1646 esse
1572 1595 1909 1662 significatus
1943 1597 2121 1662 quivis
2156 1597 2332 1654 videt,
2370 1597 2792 1661 Byzantinorum
2819 1610 2922 1648 usu
2958 1611 3057 1661 pro
3093 1603 3424 1664 syntagmate

552 1690 655 1741 dici
693 1695 882 1755 coepta
917 1697 1015 1742 est.
1088 1691 1230 1742 ilinc
1268 1692 1446 1757 inepte
1482 1692 1641 1744 aliam
1682 1693 1786 1744 sibi
1824 1707 2049 1758 eamque
2085 1695 2310 1746 minoris
2349 1695 2584 1746 ambitus
2619 1694 3068 1759 significationem
3103 1693 3326 1747 effinxit.

763 1787 1047 1855 xxxvn,
1086 1790 1135 1838 1.
1206 1789 1621 1853 Inscriptionem
1672 1790 1813 1840 hanc
1858 1790 2097 1858 praefert
2132 1789 2435 1842 Gesnerus:
2495 1787 2630 1858 Περὶ
2643 1789 2990 1858 -παραγωγῆς
3023 1789 3206 1856 δεξιᾶς
3238 1807 3298 1844 τε
3333 1791 3425 1843 καὶ

550 1877 857 1949 εὐωνύμου,
897 1899 995 1950 pro
1031 1899 1135 1950 qua
1171 1887 1225 1937 in
1264 1886 1309 1938 A
1346 1879 1493 1952 ὀρθὴ
1530 1883 1827 1953 παραγωγὴ
1864 1880 1921 1937 έν
1955 1884 2107 1955 δεξιᾷ
2141 1883 2234 1938 καὶ
2269 1880 2444 1954 ὀρθία
2476 1881 2534 1938 έν
2569 1881 2826 1958 εύωυύμφ
2859 1889 3074 1953 legitur.

760 1987 811 2033 1.
878 1981 1019 2034 κατὰ
1054 1981 1188 2049 ζυγὰ
1223 1977 1313 2035 ἐπὶ
1348 1979 1515 2048 κέρως
1548 1985 1613 2035 l).
1857 1978 2212 2050 πορευομένη]
2251 1984 2340 2036 Sic
2375 1984 2574 2048 ΑΒΦς
2612 1986 2774 2050 vulgo
2808 1981 3219 2052 πορευομένους.

760 2079 985 2132 XXXVI
1000 2117 1015 2143 ‚
1052 2082 1103 2131 2.
1172 2071 1213 2146 ἢ
1245 2075 1539 2150 τριπλεύρῳ
1588 2095 1677 2132 om
1714 2081 1827 2134 AD.
2037 2075 2242 2150 βαδιεῖ]
2301 2082 2390 2133 Sic
2434 2081 2512 2145 A;
2564 2083 2725 2147 vulgo
2768 2080 3051 2152 βαδιεῖται.
3262 2085 3424 2150 τρεῖς]

550 2177 639 2227 Sic
675 2178 720 2229 1)
746 2182 800 2227 et
828 2177 877 2229 Φ
911 2191 1107 2244 marg.,
1147 2179 1311 2244 vulgo
1347 2174 1487 2245 τρία.
1628 2172 1849 2243 θέλωσι]
1886 2179 2219 2243 Magnopere
2259 2193 2481 2244 vereor,
2519 2193 2586 2232 ne
2609 2181 2700 2231 hic
2724 2193 2940 2246 quoque
2971 2175 3260 2245 μέλλωσι
3295 2181 3422 2232 olim

551 2275 813 2338 scriptum
848 2273 1027 2326 suerit.

760 2371 1033 2437 xxxvu,
1068 2373 1119 2422 2.
1189 2365 1227 2439 ἡ
1244 2369 1307 2425 δδ
1324 2370 1439 2438 καὶ]
1479 2373 1646 2439 Vulgo
1670 2364 1708 2440 ἢ
1732 2372 1860 2440 vdeo:
1898 2375 1943 2427 A
1970 2363 2007 2440 ἢ
2030 2371 2135 2440 γὰρ
2158 2371 2265 2426 καὶ.
2423 2369 2779 2441 ποιησαμένη]
2818 2375 2906 2426 Sic
2930 2376 3051 2436 AD3
3086 2376 3250 2440 vulgo
3271 2392 3423 2442 ποιη·

549 2464 827 2534 σαμένους.
982 2467 1076 2522 καὶ
1114 2477 1237 2522 ante
1273 2465 1331 2536 ἐξ
1356 2463 1573 2522 ὁπόσων
1607 2485 1697 2524 om
1721 2473 1786 2522 A.
1932 2473 2326 2538 Repetitionem
2348 2486 2379 2523 a
2407 2472 2843 2525 consarcinatore
2867 2472 3068 2523 illatam
3105 2486 3224 2525 esse
3259 2479 3422 2538 patet,

550 2568 641 2631 qui
678 2573 801 2633 post
836 2572 943 2619 tam
978 2568 1146 2619 multa
1185 2569 1467 2634 interiecta
1505 2570 1706 2621 diserte
1742 2569 2067 2623 monendum
2104 2584 2224 2622 esse
2261 2576 2510 2634 putaret,
2561 2571 2724 2624 etiam
2761 2582 3082 2636 paragogam
3130 2575 3188 2620 ut
3223 2582 3254 2620 a
3290 2570 3422 2621 sim·
3523 2576 3530 2584 '

548 2665 782 2728 plicibus
819 2667 891 2716 ita
929 2678 960 2716 a
1000 2667 1275 2730 binorum,
1328 2672 1634 2732 ternorum,
1692 2673 2076 2731 quaternorum
2110 2667 2342 2718 laterum
2381 2667 2734 2733 phalangibus
2769 2668 3012 2720 exerceri
3049 2680 3222 2733 posse.
3311 2667 3420 2720 Cir.

550 2761 619 2812 ad
659 2762 885 2814 xxxvl
906 2799 919 2820 ,
958 2766 1009 2814 1.

760 2858 1005 2916 XXXVI,
1043 2861 1093 2913 3.
1162 2857 1253 2912 καὶ
1276 2857 1367 2912 διὰ
1394 2859 1553 2914 τοῦτο
1582 2861 1705 2926 etc-J
1780 2863 1857 2914 Eu
1894 2869 2135 2915 tenemus
2174 2863 2668 2913 consarcinatorem
2707 2862 3043 2926 ignorantiae
3079 2863 3416 2921 convictum,

548 2959 747 3022 quippe
784 2971 815 3007 a
864 2971 972 3022 quo
1008 2971 1094 3010 res
1130 2957 1382 3011 diversae
1428 2989 1476 3002 -
1521 2955 1767 3025 τάγματα
1801 2955 2142 3026 μουόπλευρα
2180 2966 2342 3026 atque
2375 2955 2787 3025 μονοφαλαγγία
2823 2963 2878 3010 et
2918 2958 2997 3010 sic
3033 2959 3194 3011 etiam
3237 2965 3418 3011 cetera

548 3055 759 3119 agmina
798 3081 863 3092 —-
902 3055 1365 3107 commisceantur.
1596 3051 1727 3110 ποτὲ
1764 3051 1825 3109 δὲ
1861 3054 2216 3124 διφαλαγγία]
2252 3048 2290 3122 ἢ
2325 3053 2659 3122 διφαλαγγία
2693 3055 2758 3107 A.

746 3201 870 3264 Ad
911 3202 1009 3263 B·
1099 3215 1343 3278 XXXVI,
1382 3216 1535 3268 5-8.
1609 3217 1780 3284 Quam
1804 3216 2027 3281 praefixi
2054 3217 2463 3279 inscriptionem
2497 3211 2616 3282 περὶ
2653 3206 2838 3282 ὀρθῆς
2861 3208 3168 3282 ἐπαγωγῆς,
3204 3230 3323 3269 eam
3359 3231 3424 3270 ex

548 3312 593 3364 A
630 3314 965 3378 deprompsi,
1003 3314 1097 3364 ubi
1134 3313 1315 3378 paullo
1348 3320 1473 3367 ante
1507 3322 1543 3380 ⁸
1581 3313 1649 3380 4,
1687 3314 1742 3365 h.
1779 3327 1829 3365 e.
1870 3321 1993 3366 ante
2030 3313 2195 3364 verba
2232 3309 2324 3362 καὶ
2359 3306 2612 3378 ἐπαγωγὴ
2650 3305 2820 3378 ὀρθία
2852 3306 2958 3378 μὲν
2988 3313 3284 3379 legebatur.

758 3410 811 3462 5.
882 3406 1171 3475 πορεύεται
1193 3411 1255 3463 A.
1327 3412 1458 3462 Post
1489 3405 1697 3478 μήκους
1733 3411 1893 3476 vulgo
1928 3411 2125 3475 legitur
2162 3410 2406 3472 ineptum
2440 3409 2735 3474 glossema:
2774 3403 2879 3475 ἔχει
2914 3401 2977 3462 δὲ
3008 3407 3072 3462 τὸ
3107 3405 3288 3476 τάγμα
3322 3406 3425 3463 δύο

546 3503 735 3573 λόχους
766 3500 877 3559 άπὸ
913 3503 1047 3560 δέκα
1082 3502 1319 3575 αὐδροῖυ.

756 3604 806 3654 6.
880 3598 1200 3671 ἀντίστομος
1235 3603 1509 3672 φαλαγγΙα
1548 3604 1610 3656 Φ.

755 3703 807 3752 ’1.
878 3695 1068 3754 ἕνωσιν
1104 3709 1160 3754 et
1194 3709 1309 3754 tum
1344 3698 1605 3755 καιυόσαι
1641 3701 1705 3753 A.

753 3798 1037 3860 XXXVII,
1071 3799 1122 3850 3.
1190 3801 1310 3852 Jam
1362 3806 1416 3853 et
1452 3801 1750 3866 conjunctis
1788 3804 1844 3851 et
1878 3799 2161 3865 sejunctis,
2218 3811 2354 3864 quae
2398 3803 2454 3848 et
2488 3799 2743 3864 conjungi
2793 3803 2848 3850 et
2883 3799 3090 3864 sejungi
3134 3799 3422 3860 dehebant,

544 3909 653 3948 non
690 3911 824 3962 opus
859 3903 940 3950 est
975 3899 1157 3951 multis
1193 3898 1497 3962 illustrare,
1534 3911 1671 3964 quae
1706 3899 1839 3949 satis
1870 3898 1983 3962 jam
2021 3896 2170 3946 clara
2209 3896 2479 3948 videntur.
2565 3895 2817 3947 Ambas
2855 3895 2977 3947 illas
3011 3897 3304 3962 phalanges
3339 3899 3420 3948 in-

542 3995 737 4060 telligit
770 3997 1186 4062 triphalangiae,
1236 4008 1373 4060 quae
1408 3996 1595 4047 dextro
1642 4001 1698 4047 et
1732 3995 1955 4046 sinistro
2006 3993 2332 4046 coelemboli
2379 4007 2547 4044 cornu
2583 3995 2897 4060 oppositae,
2951 4007 3074 4045 cum
3119 3999 3275 4046 antea
3321 4007 3420 4060 per

542 4104 835 4158 epagogam
888 4094 1266 4160 incessissent,
1320 4107 1462 4145 nunc
1514 4093 1650 4143 aciei
1704 4091 2090 4156 longitudinem
2148 4093 2456 4143 extendunt.
2615 4091 2773 4155 Quod
2810 4105 2910 4157 pro
2944 4085 3229 4144 διπλάσιον
3283 4092 3338 4143 in
3374 4093 3418 4143 E

539 4190 736 4254 legitur
770 4186 1112 4257 τριπλάσιον,
1162 4205 1269 4242 nou
1306 4190 1495 4243 dubito
1543 4190 1673 4254 quin
1712 4194 1996 4254 cognatum
2053 4189 2123 4240 sit
2172 4201 2292 4239 cum
2349 4189 2680 4252 ineptissimo
2717 4188 3063 4253 glossemate,
3114 4187 3261 4254 quod
3297 4194 3420 4252 post

537 4282 752 4356 βάθους
786 4287 946 4352 vulgo
972 4288 1273 4340 infercitur.
1344 4283 1438 4338 Est
1463 4299 1595 4338 vero
1623 4288 1758 4338 noct
1798 4280 1933 4337 δέκα
1954 4278 2053 4350 μὲν
2076 4281 2182 4350 γὰρ
2217 4279 2323 4351 ἔχει
2355 4281 2422 4338 τὸ
2456 4281 2657 4350 στόμα,
2696 4287 2837 4352 τρεῖς
2871 4279 2932 4338 δὲ
2964 4281 3026 4338 τὸ
3061 4281 3261 4354 βάθος.
3295 4283 3419 4338 τού-

538 4400 603 4436 το
638 4377 701 4436 δὲ
735 4383 801 4436 τὸ
830 4384 928 4451 τῆς
958 4380 1133 4452 μάχης
1168 4379 1277 4436 ἐστὶ
1313 4383 1507 4450 σχῆμα.
1596 4384 1701 4436 Sed
1738 4389 2011 4448 postrema
2056 4383 2224 4434 verba
2259 4383 2401 4434 unde
2438 4383 2782 4448 irrepserint,
2839 4385 3040 4448 optime
3075 4397 3142 4436 ex
3181 4382 3230 4434 Φ
3263 4383 3422 4435 intel-

538 4482 748 4546 ligitur,
786 4482 853 4533 de
888 4495 995 4548 quo
1031 4482 1157 4534 audi
1193 4483 1560 4536 Huuzikerum
1596 4481 1889 4534 scitissime
1926 4493 2025 4532 suo
2062 4491 2214 4532 more
2248 4480 2612 4533 referentemz
2673 4477 2816 4533 »Das
2853 4480 3116 4532 sauchen
3152 4478 3314 4532 τοῦτο
3356 4509 3405 4522 -

538 4577 715 4645 σχῆμα
748 4580 821 4630 ist
853 4581 1002 4632 nicht
1038 4579 1119 4630 als
1153 4579 1680 4645 Textesi‘ortsetzung
1716 4579 2105 4645 geschrieben‚
2161 4577 2398 4631 sondern
2442 4579 2542 4630 mit
2591 4577 2779 4630 rother
2823 4579 2986 4630 Diute
3038 4579 3094 4628 in
3131 4577 3230 4629 der
3263 4577 3422 4630 Mitte

542 4677 640 4728 der
676 4677 853 4740 Seite,
890 4676 1133 4728 offenhar
1169 4677 1250 4727 als
1284 4677 1647 4729 Unterschrii't
1682 4678 1834 4731 einer
1870 4677 2062 4742 Figur,
2098 4677 2189 4728 sur
2225 4676 2314 4726 die
2350 4676 2446 4727 der
2479 4677 2649 4727 naum
2687 4674 2831 4728 offen
2859 4675 3107 4740 gelassen
3145 4675 3251 4739 ist,
3303 4675 3413 4726 und

539 4789 607 4826 au
646 4774 839 4825 beiden
875 4774 1058 4826 seiten
1106 4773 1201 4825 des
1236 4773 1419 4826 leereu
1452 4775 1714 4837 Raumes,
1771 4774 2037 4826 ebensalls
2080 4775 2181 4824 mit
2216 4773 2405 4826 rothei-
2438 4773 2600 4824 Dinte
2619 4808 2633 4832 ,
2683 4773 2826 4824 stelit
2861 4773 3073 4824 recinis:
3132 4765 3303 4838 ὀρθία
3337 4763 3420 4822 έν-

540 4867 693 4936 δεξιά
728 4872 815 4940 (so
829 4867 865 4936 1)
920 4869 1217 4939 παραγωγὴ
1254 4867 1393 4924 κατὰ
1426 4869 1558 4938 ζυγά
1594 4866 1963 4938 πορευομένης
2015 4870 2158 4923 links
2213 4863 2389 4937 ὀρθία
2421 4863 2698 4936 εὐώνυμος
2731 4865 3030 4937 παραγωγὴ
3064 4861 3243 4923 cinito
3277 4865 3420 4920 κατὰ
