4400 5784
2204 698 2721 769 -22-

1001 932 1264 995 γραμμα
1316 902 1806 993 τηλικούτων
1864 901 2238 989 πολέμων
2296 904 2736 994 στρατηγῷ,
2799 898 2889 987 μή
2932 920 3069 977 πως
3130 894 3531 984 εὐτελέστερα
3586 899 3767 983 φανῇ
3826 891 3907 961 τὰ

1011 1020 1090 1091 δι’
1137 1018 1306 1110 ἡμᾶς
1347 1018 1804 1109 ὑφηγούμενα·
1852 1016 1940 1087 ἀν
1983 1018 2053 1087 δὲ
2096 1025 2235 1097 ταῖς
2280 1017 2594 1097 ἐπινοίαις
2637 1033 2761 1085 σου
2802 1020 3007 1084 ταῦτα
3048 1009 3457 1101 παραβάλῃς,
3504 1007 3591 1090 ὥς
3628 1007 3911 1096 Έλληνι·

1006 1138 1132 1225 κήν
1181 1140 1468 1225 θεωρίαν
1529 1138 1637 1205 καὶ
1702 1132 2047 1222 γλαφυρὰν
2107 1136 2397 1221 ἱστορίαν
2416 1183 2433 1213 ,
2500 1134 2573 1201 ἐν
2630 1124 2673 1222 ᾗ
2736 1133 2841 1199 καὶ
2893 1135 3013 1199 τοῦ
3058 1126 3448 1207 Μακεδόνος
3487 1124 3911 1212 Ἀλεξάνδρου

1007 1252 1126 1340 τὴν
1171 1252 1244 1319 ἐν
1285 1260 1426 1331 ταῖς
1469 1249 1899 1335 παρατάξεσιν
1943 1248 2251 1338 ἐπιβολὴν
2294 1246 2672 1337 θεωρήσεις,
2729 1248 3145 1334 ψυχαγωγίαν
3187 1242 3444 1328 παρέξει
3487 1259 3592 1310 σοι
3633 1240 3709 1309 τὸ
3755 1238 3905 1326 σύγ-

1007 1392 1286 1455 γραμμα.
1343 1364 1452 1435 διὰ
1497 1366 1716 1452 μέντοι
1758 1363 1873 1445 τὰς
1915 1362 2216 1452 ἀσχολίας
2258 1364 2636 1453 προέγραψα
2678 1363 2757 1431 τὰ
2800 1359 3119 1449 κεφάλαια
3147 1365 3276 1428 τῶν
3322 1356 3903 1444 ἀποδεικνυμένων,

1013 1486 1124 1550 ἵνα
1169 1480 1295 1568 πρὸ
1339 1488 1453 1569 τῆς
1497 1478 1918 1568 ἀναγνώσεως
1958 1486 2078 1548 τοῦ
2123 1484 2376 1567 βιβλίου
2430 1478 2505 1549 τὸ
2546 1476 2905 1565 ἐπάγγελμα
2948 1482 3069 1545 τοῦ
3112 1473 3610 1563 συγγράμματος
3652 1470 3731 1540 δι’
3780 1469 3903 1539 ὀλί-

1007 1622 1144 1685 γων
1185 1597 1619 1685 κατανοήσῃς,
1663 1598 1768 1665 καὶ
1817 1594 1936 1676 οὓς
1979 1594 2064 1664 ἂν
2093 1592 2481 1683 ἑπιζητὴσεις
2510 1592 3014 1681 ἀναγνωσθῆναι
3049 1590 3291 1669 τόπους
3318 1591 3557 1681 ῥᾳδίως
3600 1585 3913 1673 εὑρίσκων

1015 1710 1175 1791 τοὺς
1217 1710 1494 1799 χρόνους
1535 1711 1623 1799 μὴ
1668 1715 1905 1801 τρίβῃς.

1185 1832 1328 1898 Jam
1378 1831 1502 1898 hoc
1555 1830 2070 1898 recentioris
2117 1828 2414 1895 editionis
2462 1828 2871 1918 prooemium
2918 1826 3293 1914 longissime
3340 1846 3459 1890 nos
3507 1822 3587 1889 ab
3636 1823 3913 1890 Arriano

1015 1958 1325 2011 removet.
1417 1946 1579 2013 Nam
1631 1967 1748 2012 nec
1795 1956 2087 2034 tempora
2133 1944 2270 2012 ullo
2330 1944 2527 2010 modo
2581 1944 2971 2011 conveniunt
3003 1980 3090 1990 —
3121 1963 3267 2012 cum
3320 1940 3515 2028 hujus
3562 1938 3707 2005 libri
3754 1959 3915 2004 con-

1017 2062 1233 2149 ceptio
1281 2062 1346 2128 in
1394 2084 1448 2127 a.
1500 2066 1585 2127 97
1635 2061 1736 2127 vel
1782 2065 1866 2127 98
1917 2084 1977 2149 p.
2029 2059 2144 2127 Ch.
2192 2059 2467 2133 incidat.
2538 2060 2848 2127 Arrianus
2898 2078 3086 2133 vero,
3134 2059 3245 2146 qui
3293 2058 3374 2123 ad
3420 2057 3626 2125 Marci
3672 2054 3917 2122 Aurelii

1017 2198 1222 2264 usque
1269 2189 1542 2245 aetatem
1590 2177 1780 2251 vixit,
1855 2198 1934 2243 eo
1992 2198 2163 2243 anno
2230 2176 2335 2240 vix
2394 2190 2581 2241 natus
2641 2174 2865 2248 fuerit,
2938 2184 3003 2240 et
3058 2174 3111 2240 si
3176 2174 3470 2240 tecticam
3536 2192 3717 2238 suam
3766 2192 3913 2237 cum

1015 2294 1411 2380 equestrium
1459 2292 1928 2360 exercitionum
1975 2302 2251 2358 tractatu
2298 2290 2669 2379 conjunxit,
2728 2310 2866 2355 eam
2920 2289 3178 2378 epilogo
3224 2300 3387 2355 teste
3432 2310 3491 2354 a.
3552 2292 3700 2364 13⁷,
3750 2308 3915 2375 qna-

1017 2407 1306 2492 draginta
1355 2410 1532 2473 annis
1582 2419 1762 2497 post,
1814 2407 2143 2495 scripserit
2187 2440 2299 2482 -,
2352 2426 2473 2471 nec
2504 2426 2671 2492 quae
2704 2404 2783 2471 de
2828 2426 2899 2472 se
2946 2404 3095 2472 dicit
3142 2406 3420 2492 scriptor
3456 2414 3529 2471 nt
3562 2404 3913 2470 mathema-

1016 2523 1144 2589 tico
1191 2537 1254 2589 et
1300 2524 1393 2589 rei
1439 2524 1882 2590 Romanorum
1931 2521 2221 2588 militaris
2268 2532 2555 2609 experte.
2643 2519 2831 2587 Aliud
2880 2520 3162 2587 aceedit:
3216 2520 3465 2586 videtur
3512 2518 3619 2585 ilie
3666 2517 3917 2586 libellus

1019 2661 1098 2705 ne
1143 2636 1510 2705 Adriano
1557 2636 1852 2726 quidem,
1925 2636 2038 2703 sed
2105 2638 2258 2703 Tra
2273 2636 2465 2724 jano
2522 2636 2849 2703 dedicatus
2907 2656 3065 2703 esse.
3157 2636 3359 2709 Nam,
3431 2655 3513 2700 ne
3557 2636 3789 2701 iterum
3836 2632 3916 2699 ad

1025 2765 1317 2842 tempora
1365 2775 1750 2844 provocem,
1803 2774 2190 2841 quamquam
2228 2754 2317 2819 ita
2364 2764 2537 2819 certe
2584 2754 2749 2819 inter
2780 2753 2996 2841 operis
3040 2754 3529 2840 conceptionem
3578 2762 3641 2817 et
3686 2750 3919 2817 editio-

1019 2890 1163 2935 nem
1240 2870 1456 2957 viginti
1523 2870 1858 2935 minimum
1927 2869 2078 2933 anni
2148 2866 2487 2946 caderent;
2562 2869 2855 2955 graviora
2924 2868 3083 2935 haec
3152 2879 3339 2942 sunt,
3405 2866 3581 2955 quod
3630 2868 3915 2956 impera-

1023 2999 1126 3052 tor
1172 2985 1533 3074 appellatus
1580 2998 1644 3051 et
1711 2985 2011 3052 Nervae
2079 2982 2233 3050 divi
2301 2983 2511 3051 silius
2568 2984 2745 3050 audit
2791 2994 2853 3049 et
2899 2982 2985 3050 ob
3050 2982 3253 3049 bella
3313 3004 3391 3049 re
3446 3002 3641 3048 vera
3694 2993 3913 3070 gesta

1021 3098 1400 3167 celebratur.
1477 3101 1786 3168 Neutrum
1835 3100 1900 3167 in
1947 3099 2298 3166 Adrianum
2348 3100 2541 3174 cadit.
2593 3121 2980 3189 quamquam
3029 3098 3199 3166 haud
3248 3100 3477 3186 ignoro
3524 3098 3664 3187 ejus
3710 3100 3917 3187 impe-

1023 3216 1250 3281 ratoris
1298 3216 1378 3282 de
1425 3237 1494 3281 re
1541 3216 1794 3281 militari
1831 3216 2040 3283 studia
2075 3227 2137 3281 et
2167 3218 2427 3282 merita:
2479 3216 2603 3282 vid.
2638 3214 2781 3281 Ael.
2816 3212 3033 3304 Spart.
3085 3214 3237 3281 Adr.
3276 3220 3377 3281 to.
3428 3220 3525 3280 11.
3588 3218 3684 3281 14.
3755 3215 3919 3281 Hinc

1022 3351 1151 3396 non
1199 3330 1459 3405 dubito,
1510 3332 1668 3419 quin
1713 3352 1834 3420 pro
1883 3331 2206 3398 Adriani
2252 3332 2510 3398 nomine
2556 3330 2653 3398 bis
2700 3330 3037 3418 Trajani
3100 3329 3615 3397 substituendum
3658 3334 3761 3405 sit,
3815 3348 3919 3411 cu!

1021 3444 1248 3511 callide
1293 3446 1484 3512 etiam
1529 3446 1901 3513 Alexandro
1965 3458 2469 3514 commemorato
2520 3446 2653 3528 (cfr.
2724 3445 2863 3512 Ael.
2920 3444 3137 3533 Spart.
3186 3446 3229 3511 Ι.
3284 3469 3337 3512 e.
3387 3446 3453 3527 4)
3516 3467 3703 3513 sunm
3750 3468 3917 3533 opus

1029 3560 1438 3627 commendat
1481 3562 1775 3650 scriptor.

1196 3675 1320 3743 Sed
1368 3675 1524 3762 quid
1563 3675 1872 3742 faciamus
1912 3676 2180 3743 tacticee
2215 3677 2555 3744 Arriano
2588 3677 2972 3765 adscriptae,
3016 3698 3209 3764 quam
3244 3678 3551 3745 Aelianea
3593 3680 3917 3765 antiquio-

1021 3812 1154 3857 rem
1195 3791 1516 3857 vidimus?
1565 3798 1693 3858 Aut
1725 3812 2116 3879 magnopere
2145 3792 2357 3866 fallor,
2392 3802 2499 3858 aut
2532 3813 2610 3858 ea
2632 3801 2812 3859 certo
2838 3792 2985 3860 huic
3011 3795 3311 3882 scriptori
3338 3794 3767 3884 abjudicanda
3792 3807 3909 3862 est.

1021 3906 1204 4005 Nam..
1233 3919 1487 3995 praeter
1533 3918 1976 3993 argumentum
2025 3908 2222 3975 modo
2269 3908 2661 3997 explicatum
2696 3929 2928 3974 nomen
2976 3910 3230 3977 Arriani
3278 3910 3451 3978 nulla
3500 3913 3766 3978 omnino
3816 3912 3915 3977 ni-

1025 4022 1178 4087 titur
1221 4024 1638 4098 auctoritate‚
1714 4044 1857 4088 cum
1919 4024 2171 4089 initium
2234 4024 2528 4090 mutilum
2590 4025 2687 4091 sit.
2781 4024 2975 4103 Quod
3038 4036 3249 4092 autem
3321 4028 3386 4092 in
3444 4026 3570 4093 fine
3618 4027 3917 4117 adjicitur

1022 4130 1364 4222 Ἀρριανοῦ
1409 4136 1592 4223 τέχνη
1621 4134 1915 4223 τακτική,
1966 4137 2030 4203 id
2080 4140 2271 4206 etiam
2305 4139 2385 4205 de
2420 4138 2557 4205 sola
2591 4142 2951 4227 posteriore
2982 4153 3166 4228 parte
3214 4162 3251 4207 a
3297 4141 3574 4209 librariis
3622 4142 3748 4209 dici
3794 4164 3917 4232 po-

1025 4255 1164 4321 tuit.
1266 4253 1475 4337 Quam
1523 4255 1728 4343 ipsam
1776 4255 2028 4322 Arriani
2077 4276 2217 4322 esse
2266 4276 2345 4321 eo
2392 4256 2601 4322 miuus
2650 4257 3051 4344 negaverim,
3104 4278 3237 4345 quo
3284 4259 3557 4348 pronius
3604 4270 3741 4325 erat
3788 4280 3921 4325 re-

1029 4371 1243 4434 centi
1312 4367 1845 4459 Xenophonti
1911 4372 2102 4437 etiam
2164 4370 2380 4437 libello
2449 4369 2528 4435 de
2587 4393 2659 4437 re
2717 4374 2999 4459 equestri
3060 4374 3423 4462 composito
3484 4395 3628 4439 cnm
3676 4376 3921 4462 antiqui

1029 4481 1484 4572 Xenophontis
1532 4486 1965 4575 Hipparchico
2016 4498 2281 4553 certare.
2372 4488 2579 4553 Locus
2630 4508 2815 4561 vero,
2867 4510 2998 4576 quo
3046 4490 3223 4577 prior
3282 4500 3345 4559 et
3402 4490 3724 4578 posterior
3769 4512 3919 4579 pars

1023 4601 1504 4675 consociantur.
1557 4614 1898 4690 corruptus
1949 4613 2065 4667 est.
2157 4600 2369 4689 Vulgo
2418 4622 2471 4667 c.
2522 4607 2606 4668 46
2656 4602 2721 4669 S.
2774 4625 2840 4690 p.
2894 4608 2981 4669 ’14
3030 4605 3100 4670 Β.
3148 4603 3308 4670 haec
3343 4603 3673 4691 leguntur:
3724 4602 3803 4672 τὰ
3850 4604 3922 4672 δὲ

1021 4712 1164 4797 μέν,
1237 4711 1448 4798 ὥσπερ
1507 4714 1577 4781 ἐν
1629 4713 1815 4802 τέχνῃ
1832 4765 1847 4792 ,
1895 4712 1973 4782 δι’
2029 4712 2263 4799 ὀλίγων
2322 4712 2607 4801 ἐδήλωσα
2663 4714 2875 4794 ίκανά,
2944 4712 3108 4802 ὑπὲρ
3162 4742 3235 4803 γε
3296 4714 3495 4786 πάλαι
3534 4714 3922 4806 Ἑλληνικῶν

1022 4830 1132 4895 καὶ·
1174 4832 1304 4896 τῶν
1349 4832 1820 4898 Μακεδονικῶν
1863 4826 2101 4912 τάξεων
2119 4880 2136 4907 .
2204 4828 2377 4911 ὅστις
2431 4830 2591 4919 μηδὲ
2650 4830 2901 4900 τούτων
2945 4830 3219 4919 ἀπείρως
3264 4832 3477 4900 ἐθέλοι
3523 4833 3704 4921 ἔχειν.
3797 4834 3923 4922 ἐγώ

1023 4942 1095 5010 δὲ
1141 4940 1218 5011 τὰ
1263 4941 1488 5012 ἱππικὰ
1534 4942 1856 5031 γυμνάσια
1872 4999 1888 5029 ,
1937 4944 2058 5014 ὅσα
2097 4942 2396 5033 Ῥωμαῖοι
2442 4950 2651 5027 ἱππεῖς
2694 4946 3157 5035 γυμνάζονταιι,
3208 4949 3279 5017 ἐν
3321 4954 3412 5039 τῷ
3456 4946 3733 5038 παρόντι
3778 4950 3922 5019 ἐπε-
