4400 5784
1617 643 2133 716 -15...

402 851 645 926 rocoa,
716 851 827 938 qui
888 850 970 916 ad
1032 861 1231 914 artem
1279 847 1473 937 plene
1526 849 1969 918 illustrandam
2028 851 2371 917 necessarii
2435 860 2498 916 et
2567 851 2828 918 lacunas
2895 853 2963 917 in
3008 854 3320 920 Arrianeo

410 966 751 1054 opusculo
800 964 1025 1032 obvias
1070 963 1339 1030 feliciter
1386 964 1651 1053 explere
1699 977 1762 1031 et
1808 967 2073 1032 omnino
2106 965 2394 1054 ejusdem
2430 988 2572 1033 cum
2605 966 2717 1033 illo
2751 978 2942 1055 atque
2989 989 3135 1034 cum
3182 967 3319 1036 Ae-

406 1081 649 1148 lianeis
696 1079 1021 1169 parallelis
1070 1079 1303 1147 indolis
1352 1091 1415 1145 et
1462 1081 1697 1147 coloris
1760 1102 1900 1148 esse
1946 1081 2263 1148 videntur.
3282 1055 3291 1064 .

602 1195 813 1284 Hujus
860 1197 1111 1283 generis
1170 1205 1321 1262 sunt
1378 1195 1604 1284 capitis
1650 1197 1697 1261 I.
1743 1197 2027 1276 initium;
2098 1194 2417 1273 XXXII,
2477 1196 2625 1274 ubi,
2698 1198 3026 1286 quomodo
3084 1199 3186 1264 vel
3252 1200 3318 1264 in

414 1311 726 1377 dextrum
799 1310 902 1376 vel
968 1311 1031 1375 in
1100 1311 1425 1377 sinistrum
1487 1311 1903 1378 convertendi
1962 1312 2090 1378 sint
2146 1313 2441 1390 ordines,
2515 1312 2881 1400 singulatim
2942 1315 3313 1403 exponitur,

417 1425 605 1514 quod
651 1425 729 1491 ad
776 1424 1225 1492 illustrandum
1272 1423 1591 1493 Aelian.
1639 1425 1864 1494 XXV.
1902 1467 1971 1491 ==
2003 1428 2318 1496 Arrian.
2372 1450 2428 1495 c.
2463 1433 2548 1494 30
2580 1429 2645 1497 S.
2684 1452 2744 1517 p.
2782 1433 2866 1496 54
2897 1451 2994 1516 sq.
3046 1431 3117 1495 B.
3166 1450 3318 1518 per-

418 1543 613 1618 tinen
666 1539 1005 1614 XXXIII,
1054 1540 1193 1616 ubi,
1245 1541 1575 1629 quomodo
1608 1542 1876 1609 alterum
1926 1554 2140 1611 utrum
2187 1565 2392 1610 cornu
2425 1556 2536 1611 aut
2566 1544 2774 1612 media
2817 1547 2984 1612 acies
3031 1544 3316 1612 conden-

424 1659 627 1725 sauda
674 1659 783 1744 sit,
837 1658 1219 1746 exponitur,
1293 1657 1468 1745 quod
1517 1656 1597 1724 ad
1654 1657 2133 1747 diplasiasmum
2176 1658 2624 1727 illustrandum
2677 1661 2987 1747 pertinet,
3061 1660 3140 1726 de
3184 1681 3317 1749 quo

426 1772 561 1839 vid.
614 1774 776 1840 Ael.
829 1770 1131 1839 XXVIII
1165 1781 1227 1838 et
1256 1769 1530 1838 XXIX.
1567 1808 1638 1838 =
1667 1778 1838 1840 Art.
1895 1796 1950 1840 c.
1991 1777 2078 1841 34
2107 1796 2204 1863 sq.
2236 1775 2300 1842 S.
2334 1797 2396 1864 p.
2445 1779 2705 1842 60—63
2752 1778 2869 1852 B.;
2919 1773 3314 1853 XXXVIII,

419 1888 539 1956 nbi
588 1889 866 1979 phalanx
912 1883 1347 1970 ἀντίστομος
1392 1869 1795 1978 explicatum
1875 1912 2020 1957 cum
2080 1900 2392 1977 sequente
2439 1891 2646 1979 capite
2690 1888 3010 1958 XXXIX
3043 1927 3110 1956 =
3142 1893 3310 1958 Arr.

430 2027 489 2072 c.
526 2009 611 2071 39
659 2005 721 2073 S.
770 2028 832 2092 p.
870 2007 956 2070 67
995 2005 1067 2070 Β.
1118 2002 1230 2086 (ἔτι
1275 2002 1345 2070 δὲ
1390 2043 1473 2054 -
1522 1999 2197 2090 εἷναι),άμφιστομος
2244 2005 2751 2082 demonstretur,
2803 2007 2905 2073 cui
2953 2006 3144 2095 capiti
3191 2005 3314 2072 bo-

432 2142 587 2186 num
634 2119 898 2187 subesse
945 2119 1187 2186 fontem
1234 2120 1337 2185 vel
1379 2119 1539 2186 illud
1568 2120 1899 2196 ostendit,
1968 2121 2139 2210 quod
2190 2142 2330 2187 eam
2382 2121 2582 2187 aciem
2629 2130 2841 2210 aptam
2890 2120 3042 2189 dicit
3087 2121 3316 2189 adver-

434 2257 544 2302 sus
592 2234 906 2301 barbaros
954 2236 1095 2301 lstri
1152 2235 1441 2310 accolas,
1493 2237 1601 2322 qui
1648 2235 1732 2302 ob
1782 2235 2204 2303 alternantem
2257 2235 2554 2303 binorum
2593 2258 2909 2324 equorum
2959 2257 3147 2303 usum
3193 2233 3316 2320 ἄμ-

430 2371 669 2435 φιπποι
717 2351 1046 2427 dicantur:
1098 2352 1234 2417 XL.
1272 2387 1344 2417 =
1371 2356 1540 2418 Arr.
1588 2350 1741 2417 ibid.
1776 2351 2165 2441 διφαλαγγίᾳ
2194 2389 2279 2400 —-
2309 2358 2754 2437 παραγωγαῖς,
2799 2352 2913 2419 ubi
2957 2353 3160 2419 multo
3205 2374 3314 2419 ac-

430 2469 719 2533 curatior
764 2477 860 2532 est
907 2465 1208 2533 Aelianea
1258 2465 1643 2555 descriptio,
1696 2487 1776 2532 ex
1810 2487 1937 2554 qua
1985 2477 2161 2555 patet
2208 2468 2272 2532 in
2302 2467 2578 2534 Arriano
2623 2466 2725 2534 vel
2768 2477 2918 2555 post
2959 2471 3172 2552 μερῶν
3216 2469 3316 2534 vel

427 2594 575 2669 post
632 2576 945 2671 εὐωνύμῳ
1006 2582 1369 2649 addendum
1433 2603 1573 2648 esse
1628 2577 1810 2658 ἐντὸς
1870 2579 2023 2666 &xm
2095 2585 2145 2648 L
2189 2583 2275 2649 in.
2325 2582 2620 2672 leptysmi
2675 2585 2808 2650 sive
2864 2584 3315 2650 attenuationis

432 2697 720 2764 definitio
764 2692 1124 2781 λεπτυσμὸς
1156 2735 1231 2747 -
1265 2699 1577 2782 γίνονται.

604 2815 894 2879 Alterum
941 2812 1523 2880 additamentorum
1574 2835 1775 2900 genus
1822 2814 2304 2880 Aelianeum
2351 2813 2566 2880 dicere
2595 2813 2829 2901 placet,
2882 2814 3186 2900 quoniam
3233 2834 3314 2879 ex

430 2929 545 2994 illo
592 2929 806 2995 studio
855 2929 1167 3016 originem
1213 2931 1444 3004 traxit,
1498 2928 1673 3016 quod
1726 2951 1920 3017 supra
1965 2930 2190 3016 paucis
2237 2929 2666 2996 demonstravi
2683 2921 2708 3006 ;’
2761 2950 2892 3015 quo
2939 2928 3150 2995 studio
3194 2928 3316 2995 bu-

426 3043 533 3130 jus
582 3044 974 3110 recensionis
1022 3056 1249 3110 auctor
1292 3055 1641 3134 praecepta
1690 3044 2004 3131 quaedam
2070 3043 2329 3110 subtilia
2395 3057 2505 3111 aut
2559 3045 2698 3133 ipse
2755 3043 3141 3131 excogitavit
3209 3054 3317 3109 aut

432 3156 513 3223 ab
564 3158 702 3223 aliis
759 3157 1147 3246 desumpsit,
1220 3180 1387 3245 quae
1448 3169 1691 3227 tautum
1757 3158 2165 3226 umbratilem
2211 3158 2689 3228 meditationem
2748 3158 3074 3232 redolent,
3146 3179 3316 3225 nun-

434 3293 627 3359 quam
675 3275 742 3338 in
786 3272 1117 3360 pulverem
1167 3286 1229 3340 et
1274 3273 1477 3340 solem
1528 3275 1925 3364 prodierunt.
2001 3275 2137 3342 Nec
2182 3284 2424 3341 temere
2470 3275 2663 3342 talem
2711 3275 2990 3344 auctoris
3035 3272 3316 3341 indolem

432 3411 467 3452 a
514 3387 701 3454 nobis
746 3389 937 3455 statui
986 3400 1047 3454 et
1093 3391 1495 3477 prooemium
1547 3390 1766 3466 docet,
1821 3412 1952 3478 quo
1982 3391 2312 3456 Romanae
2358 3390 2619 3457 militiae
2665 3411 2735 3456 se
2778 3398 3109 3478 expertem
3143 3388 3312 3466 dicit,

432 3515 494 3568 et
540 3503 732 3591 primi
778 3504 1002 3592 capitis
1046 3503 1270 3580 locus,
1344 3525 1533 3593 quem
1584 3505 1979 3572 emendatius
2027 3504 2357 3573 describo:
2429 3501 2585 3588 ὅπερ
2631 3495 2754 3570 οὖν
2799 3499 2983 3571 αὐτοὶ
3027 3509 3318 3585 πρῶτον

434 3618 651 3706 (vulgo
696 3621 888 3704 πρῶτ
906 3641 943 3685 ο
963 3619 1007 3704 ι)
1056 3615 1380 3704 ἐφιέμενοι
1430 3623 1545 3705 τῆς
1586 3615 1881 3704 γνώσεως
1934 3623 2055 3686 τοῦ
2109 3618 2482 3705 πράγματος
2524 3614 2854 3704 ἐπάθομεν
2875 3667 2893 3697 ,
2964 3615 3121 3704 μήτε
3162 3617 3320 3697 τούς

426 3729 791 3819 ύφηγησο
804 3731 943 3818 μέν
960 3756 1105 3811 ους
1149 3729 1548 3818 εὑρίσκοντες
1582 3735 1753 3818 (sunt
1783 3735 1902 3802 viri
1932 3735 2262 3812 militares,
2316 3737 2424 3823 qui
2465 3757 2601 3803 rem
2633 3757 2754 3802 usu
2802 3745 2865 3802 et
2908 3733 3094 3802 factis
3125 3757 3315 3802 exer-

430 3849 837 3917 citationibus
886 3849 1485 3925 demonstrent,
1536 3861 1599 3918 et
1646 3861 2066 3940 opponuntur
2109 3849 2728 3941 scriptoribus),
2779 3845 2936 3936 μὴτε
2979 3845 3314 3936 ἀποχρών-

426 3989 551 4044 τως
593 3964 756 4051 πρὸς
798 3963 1167 4053 παράδοσιν
1230 3961 1742 4052 συμβάλλοντες
1801 3966 2019 4054 (vulgo
2080 3962 2591 4052 ἀποβάλλοντες
2645 3977 2755 4033 aut
2813 3961 3314 4052 ἐπιβάλλοντες)

427 4079 546 4159 τὰς
588 4085 719 4148 τῶν
762 4078 889 4169 πρὸ
934 4077 1117 4168 ἡμῶν
1163 4077 1541 4159 ἐκδόσεις
1589 4081 1727 4166 (en,
1800 4082 1978 4149 vides
2033 4082 2268 4150 diserte
2327 4083 2578 4171 priores
2640 4103 2772 4149 non
2829 4080 3132 4158 libros,
3201 4081 3312 4150 sed

429 4197 855 4265 editiones
908 4198 1043 4264 sivo
1094 4199 1620 4264 recensiones
1666 4197 1910 4284 innuit)
1978 4195 2175 4283 ἔχειν,
2239 4192 2679 4284 πειρασόμεθα
2744 4191 2896 4263 καθ’
2955 4193 3113 4262 ὅσον
3173 4191 3318 4263 οἷόν

426 4311 493 4378 τέ
538 4311 671 4378 ἐστι
713 4308 801 4398 μὴ
846 4309 1083 4390 ἄλλους
1124 4309 1200 4378 τὸ
1246 4307 1407 4381 αὐτὸ
1450 4319 1689 4380 παθεῖν
1731 4316 2016 4398 ποιῆσαι.
2083 4307 2304 4389 ὁσάκις
2356 4307 2414 4378 <3⁶
2461 4307 2546 4379 ἄν
2588 4307 2676 4398 μὴ
2722 4305 2759 4377 ὁ
2803 4308 2996 4395 λόγος
3037 4307 3313 4398 ἐξανύσῃ

428 4431 523 4514 τῇ
551 4422 837 4513 νοήσει
867 4430 1139 4513 σαφῶς
1171 4427 1387 4516 (vulgo
1420 4426 1501 4494 ἐν
1528 4434 1707 4505 τοῖς
1734 4431 1931 4505 πῶς,
1964 4449 2087 4517 pro
2118 4449 2251 4516 quo
2284 4427 2609 4495 Gesnerus
2654 4422 3123 4512 ἀρκούντως
3151 4447 3312 4495 con-

426 4542 603 4631 jecit)
649 4547 1052 4628 παραστῆσαι
1094 4539 1191 4609 τὰ
1238 4544 1461 4632 (vulgo
1503 4546 1612 4631 τῇ,
1663 4545 1838 4631 quod
1886 4543 2246 4611 emendavit
2291 4542 2638 4629 Gesnerus)
2683 4545 2814 4608 τῶν
2855 4537 3313 4629 θεωρημάτων,

431 4655 774 4742 ἐπίκουρον
816 4654 1277 4746 παραλήψομαι
1334 4655 1439 4724 ἐπὶ
1479 4661 1898 4745 καταγραφῆς
1950 4655 2071 4744 τὴν
2122 4661 2254 4724 τῶν
2305 4651 2647 4745 χρημάτων
2705 4651 3100 4724 διατύπωσιν
3113 4708 3132 4740 ,
3193 4653 3317 4743 τὴν

437 4768 593 4850 ὄψιν
632 4776 713 4859 τῇ
754 4770 977 4860 νοήσει
1020 4769 1425 4860 συλλήπτορα
1467 4770 1832 4859 παρασχών.
1924 4775 2250 4849 Picturas,
2300 4793 2469 4861 quae
2512 4772 2618 4840 hic
2659 4773 3140 4861 promittuntur,
3183 4795 3316 4842 non

432 4909 573 4954 esse
628 4889 886 4957 easdem
946 4912 1092 4958 cum
1138 4893 1217 4958 iis
1235 4938 1253 4968 ,
1303 4911 1471 4979 quae
1523 4891 1589 4956 in
1644 4888 2001 4956 Robortelli
2060 4899 2254 4979 atque
2297 4889 2568 4974 Gesneri
2621 4887 3008 4957 editionibus
3052 4891 3316 4979 conspi-
