4400 5784
2256 702 2766 777 —18-

1067 914 1273 985 XXII
1323 927 1388 982 et
1432 913 1697 982 XXIII.
1749 935 2053 981 curruum
2125 927 2187 980 et
2257 912 2745 1002 elephantorum
2810 912 3131 977 exercitus
3201 909 3533 999 quomodo
3601 908 3961 997 appellatae

1063 1034 1302 1101 suerint
1347 1030 1638 1117 singulae
1683 1041 1896 1119 partes
1943 1050 2150 1118 usque
2198 1029 2278 1095 ad
2310 1029 2649 1115 sexaginta
2682 1038 2963 1114 quatuor
3008 1046 3315 1093 curruum
3364 1035 3427 1092 et
3470 1024 3959 1112 elephantorum

1067 1148 1536 1239 phalangem
1601 1146 2024 1233 persequitur.
2121 1146 2243 1211 Hic
2304 1143 2485 1211 locus
2541 1146 2825 1209 maxime
2882 1143 3107 1218 docet.
3174 1142 3517 1210 Aelianeae
3564 1140 3960 1207 recensionis

1067 1265 1315 1333 auctori
1364 1261 1441 1327 ad
1495 1260 2012 1349 amplificandum
2060 1259 2350 1327 libellum
2398 1258 2558 1326 alios
2607 1260 2796 1325 etiam
2845 1257 2923 1324 ad
2972 1280 3231 1325 manum
3280 1256 3474 1323 fuisse
3520 1257 3749 1323 sontes.
3824 1256 3961 1321 Hae

1068 1379 1326 1469 quidem
1389 1398 1695 1444 curruum
1756 1386 1820 1442 et
1877 1376 2371 1464 elephantorum
2431 1375 2988 1442 denominationes
3044 1373 3199 1461 quin
3247 1394 3329 1439 ex
3376 1372 3604 1461 Pyrrhi
3658 1381 3769 1437 aut
3811 1369 3961 1437 Ate-

1070 1494 1302 1561 xandri
1350 1492 1526 1559 libris
1575 1490 1953 1558 militaribus
2001 1491 2377 1579 desumptae
2422 1491 2581 1567 sint,
2632 1492 2741 1556 vix
2788 1490 3031 1556 dubito.

1245 1610 1454 1675 Etia'm
1492 1629 1657 1695 quae
1699 1608 1810 1673 XL
1861 1606 2116 1690 (γίνεται
2163 1602 2235 1671 δὲ
2282 1644 2364 1657 -
2412 1601 2664 1672 διδόασι
2711 1601 2832 1693 τὴν
2873 1601 3187 1689 πάροδον)
3238 1616 3301 1671 et
3330 1601 3489 1670 XLI
3536 1603 3843 1687 (δείκνυσι
3880 1640 3955 1649 -

1068 1720 1387 1805 νενευκός)
1460 1723 1542 1789 de
1611 1724 1898 1811 equitum
1970 1722 2460 1790 formationibus
2529 1722 2832 1810 leguntur
2886 1719 3335 1810 diphalangiae
3404 1718 3833 1807 amphistomo
3900 1728 3963 1784 et

1073 1840 1378 1930 phalangi
1422 1843 1775 1927 peristomo
1825 1876 1904 1887 ——
1955 1859 2124 1925 quae
2182 1838 2441 1927 quidem
2496 1837 2718 1904 eadem
2785 1859 2925 1905 esse
2983 1836 3235 1903 videtur
3294 1846 3487 1923 atque
3532 1834 3702 1924 apud
3754 1834 3962 1902 Arria-

1069 1977 1224 2023 num
1253 1978 1308 2021 c.
1344 1959 1428 2021 39
1464 1954 1526 2021 S.
1554 1976 1614 2042 p.
1650 1956 1734 2019 68
1771 1955 1842 2019 Β.
1887 1949 2303 2037 ἑτερόστομος
2324 1990 2407 2003 --
2439 1953 2873 2041 opponendis,
2912 1952 3111 2019 nostri
3148 1952 3428 2019 auctoris
3466 1972 3609 2019 esse
3640 1951 3955 2018 videntur.

1248 2070 1375 2139 Sed
1423 2069 1576 2158 quid
1627 2069 1835 2135 dicam
1885 2069 1964 2135 dc
2013 2070 2299 2158 quinque
2347 2067 2660 2158 capitibus
2704 2065 3305 2144 XLIII—XLVII,
3367 2067 3603 2156 quibus
3648 2068 3799 2133 satis
3842 2065 3965 2132 im-

1069 2150 1738 2275 portune⁶praecepta
1785 2184 1866 2252 de
1909 2184 2272 2272 plinthio
2321 2182 2509 2250 XLII
2559 2197 2622 2251 et
2668 2183 2747 2251 dc
2792 2184 3126 2272 plaesio
3171 2181 3453 2251 XLVIII
3503 2182 3823 2271 explicata
3868 2182 3968 2249 in-

1075 2313 1600 2389 terrumpuntur,
1663 2321 1830 2387 quae
1875 2301 2230 2367 arctissime
2274 2301 2441 2366 inter
2487 2322 2557 2365 se
2604 2300 2954 2367 cohaerere
3002 2320 3146 2365 cum
3197 2321 3299 2366 res
3344 2299 3483 2387 ipsa
3532 2297 3755 2372 docet.
3832 2309 3965 2366 tum

1071 2419 1385 2485 Arrianus
1433 2439 1488 2484 c.
1536 2421 1621 2482 40
1670 2418 1734 2483 S.
1788 2438 1850 2505 p.
1901 2420 1985 2482 69
2031 2412 2108 2481 Β.
2155 2416 2453 2480 πλαίσιον
2498 2452 2581 2463 -
2628 2419 2839 2490 καλεῖ,
2904 2414 3137 2481 dubius
3184 2414 3441 2481 haereo.
3533 2415 3971 2503 Exponuntur

1071 2532 1242 2600 enim
1291 2533 1576 2620 quinque
1621 2530 1745 2597 illis
1794 2529 2110 2619 capitibus
2157 2530 2348 2596 binae
2407 2531 2576 2597 acies
2632 2529 2755 2597 sibi
2800 2530 3075 2596 invicem
3136 2530 3509 2619 oppositae.
3582 2550 3753 2618 quae
3802 2530 3970 2596 acies

1076 2662 1140 2715 et
1186 2646 1628 2737 superioribus
1667 2646 1801 2735 jam
1849 2657 2001 2714 sunt
2045 2646 2405 2735 explicatae
2451 2658 2515 2714 et
2548 2647 2813 2713 omnino
2844 2647 3047 2733 magis
3080 2646 3353 2713 hominis
3385 2645 3751 2713 scholastici
3778 2648 3971 2712 inane

1075 2785 1348 2830 acumen
1392 2784 1586 2850 quam
1620 2763 1740 2828 viri
1775 2761 2057 2829 militaris
2089 2783 2277 2828 usum
2310 2762 2588 2851 prodere
2633 2761 2971 2829 videntur:
3023 2758 3249 2828 XLIII
3300 2761 3729 2829 oviformis
3784 2763 3973 2849 equi-

1073 2892 1208 2945 tum
1257 2878 1455 2951 acies.
1510 2878 1614 2943 cui
1662 2875 1936 2943 lunata
1984 2878 2231 2966 opponi
2278 2875 2583 2965 jubetur3
2635 2877 2746 2944 sed
2796 2877 2904 2943 illa
2950 2876 3108 2944 nihil
3158 2876 3331 2943 aliud
3380 2887 3511 2957 est,
3582 2877 3702 2943 nisi
3749 2876 3971 2943 rhom-

1079 2994 1202 3061 bus
1244 2993 1380 3082 jam
1427 2989 1654 3058 XVIII
1687 3005 1749 3059 et
1779 2990 1956 3059 XIX
1989 2992 2212 3059 iisdem
2257 2992 2391 3060 fere
2426 2992 2635 3059 verbis
2668 2993 3059 3083 descriptus3
3110 2990 3328 3063 XLIV
3376 2992 3743 3080 oblonga
3788 2993 3975 3079 equi-

1074 3120 1210 3175 tum
1270 3108 1472 3182 acies,
1543 3106 1624 3173 de
1670 3129 1800 3195 qua
1857 3117 2030 3175 certe
2075 3106 2388 3173 Arrianus
2434 3108 2565 3197 egit
2610 3130 2665 3175 c.
2712 3112 2801 3174 26
2848 3110 2913 3177 S.
2960 3128 3021 3196 p.
3072 3114 3158 3175 50
3204 3130 3300 3197 sq.
3348 3109 3425 3176 Β.
3455 3155 3473 3184 ,
3543 3110 3647 3174 cui
3708 3106 3973 3195 obliqua

1078 3224 1366 3314 peditum
1415 3223 1584 3289 acies
1633 3222 2022 3311 opponenda
2069 3224 2182 3301 sit3
2255 3219 2438 3289 XLV
2495 3223 2695 3289 altera
2756 3222 3185 3291 oviformis
3232 3224 3521 3311 equitum
3570 3224 3772 3299 acies,
3845 3242 3975 3309 qua

1087 3337 1348 3406 ordines
1396 3351 1638 3406 tantum
1688 3360 1820 3405 non
1867 3340 2064 3405 series
2109 3349 2485 3415 serventur,
2558 3337 2779 3406 eadem
2825 3339 3053 3426 igitur,
3128 3339 3207 3405 de
3253 3358 3382 3427 qua
3422 3338 3558 3426 jam
3605 3334 3784 3405 XIX
3828 3358 3975 3404 cum

1088 3453 1292 3523 trihus
1337 3454 1601 3541 reliquis
1647 3456 2014 3543 expositum
2063 3465 2197 3521 est:
2249 3456 2308 3520 ei
2355 3454 2598 3544 optime
2644 3453 2972 3521 adversari
3019 3454 3248 3521 dicitur
3293 3453 3585 3544 peditum
3632 3452 3801 3519 acies
3846 3449 3981 3518 ἐπι-

1077 3567 1356 3655 κάμπιος
1397 3568 1756 3654 ἐμπροσθία
1779 3618 1796 3646 ,
1843 3591 2010 3657 quae
2056 3570 2122 3635 in
2169 3570 2384 3638 medio
2427 3571 2691 3637 reducta
2737 3591 2979 3637 cornua
3020 3569 3398 3658 protendat3
3443 3566 3658 3637 XLVI
3687 3568 3976 3656 peditum

1077 3688 1245 3753 acies
1280 3680 1660 3771 ἐπικάμπιος
1687 3680 1977 3763 ὀπισθία,
2011 3685 2122 3752 sed
2158 3707 2327 3773 quae
2352 3706 2617 3774 prorsus
2647 3684 2875 3752 eodem
2900 3684 3097 3793 mgdo
3122 3698 3315 3775 atque
3338 3680 3718 3769 ἐπικάμπιος
3740 3682 3976 3769 ἐμπρο-

1079 3802 1236 3868 σθία
1269 3800 1675 3876 describitur,
1723 3802 1828 3867 cui
1874 3802 2042 3869 acies
2083 3822 2233 3868 vere
2281 3801 2625 3869 rotunda
2662 3802 2747 3883 (et
2778 3812 3127 3897 propte‘ssa
3160 3800 3502 3868 columnae
3542 3799 3974 3889 comparatal)

1089 3917 1502 3994 obvertatur;
1572 3912 1820 3982 XLVII
1871 3917 2261 4004 quadrata
2309 3918 2599 4003 equitum
2647 3916 2855 3992 acies.
2925 3915 3149 3982 eadem
3195 3915 3555 4003 iisdemque
3600 3915 3819 3982 verbis
3865 3938 3981 3981 ex·-

1087 4033 1345 4122 planata
1393 4043 1586 4119 atquc
1631 4052 1826 4121 supra
1863 4029 2129 4108 XVIII,
2182 4033 2289 4098 cui
2335 4030 2621 4121 peditum
2668 4053 2961 4099 cuneus
3008 4044 3381 4120 opponatur
3426 4042 3645 4099 ternos
3691 4033 3867 4099 viros
3911 4032 3980 4097 in

1081 4147 1296 4214 fronte
1341 4146 1604 4213 habeus.
1678 4148 1799 4213 Hic
1846 4147 2022 4236 quod
2069 4148 2555 4236 Epaminondae
2601 4148 2941 4216 artificium
2976 4148 3381 4214 Leuctricam
3428 4146 3751 4224 laudatur,
3802 4169 3981 4215 sum-

1088 4274 1270 4350 ptum
1319 4275 1415 4330 est
1461 4284 1545 4329 ex
1575 4262 1849 4329 Arriano
1897 4285 1954 4329 c.
2013 4268 2093 4330 16
2142 4264 2209 4331 S.
2246 4286 2310 4353 p.
2343 4268 2429 4330 32
2458 4260 2567 4340 B.;
2620 4276 2955 4352 quactum
2998 4277 3358 4352 sequuntur
3398 4264 3641 4348 γίνεται
3686 4300 3769 4313 -—-
3816 4280 3985 4330 στοι-

1085 4376 1262 4462 χείου
1307 4399 1530 4445 rursus
1577 4380 1974 4444 conveniunt
2016 4380 2293 4445 Arriano
2343 4400 2397 4445 c.
2444 4382 2531 4445 40
2578 4380 2640 4447 S.
2690 4402 2752 4469 p.
2800 4384 2885 4447 68
2934 4380 3004 4446 Β.
3052 4374 3209 4447 ὅταν
3254 4416 3339 4429 -
3383 4384 3687 4446 καλεῖται.

1258 4493 1434 4560 Haec
1481 4492 1698 4559 omnia
1747 4506 2092 4583 praecepta
2160 4516 2241 4561 eo
2296 4494 2463 4561 iuter
2520 4516 2591 4561 se
2646 4496 2967 4562 simillima
3016 4508 3198 4571 sunt,
3266 4495 3443 4584 quod
3490 4494 3682 4562 binae
3726 4516 3985 4584 semper

1085 4610 1247 4676 aciei
1293 4608 1539 4675 formae
1601 4619 1932 4697 tamquam
1981 4609 2391 4677 adversariae
2444 4621 2945 4699 componuntur.
3038 4612 3121 4677 Et
3166 4609 3463 4699 ejusdem
3509 4610 3747 4678 coloris
3794 4611 3985 4677 etiam

1077 4721 1384 4791 XLVIII.
1429 4724 1679 4791 initium
1737 4739 1868 4801 est,
1926 4727 2120 4791 τοῦτο
2167 4764 2249 4775 -
2296 4720 2822 4812 ηὐτρεπισμένα,
2890 4725 3004 4792 ubi
3050 4736 3273 4793 contra
3323 4726 3635 4815 plaesium
3682 4727 3816 4793 sive
3863 4725 3985 4793 ob-

1080 4839 1346 4925 longum
1411 4839 1796 4908 laterculum
1850 4838 2247 4927 πεπλεγμὲνη
2307 4841 2626 4930 quaedam
2660 4842 2857 4907 acies
2914 4841 3067 4908 satis
3131 4840 3398 4908 confuse
3457 4840 3779 4931 descripta
3838 4842 3989 4909 duci

1070 4952 1356 5043 jubetur.
1448 4957 1626 5023 Ilaec
1685 4956 1883 5044 igitur
1943 4956 2162 5024 omnia
2218 4978 2373 5025 num
2430 4958 2774 5025 Aelianeae
2832 4957 3229 5025 recensionis
3284 4958 3533 5025 auctori
3598 4956 3983 5035 adscribam,
