4400 5784
1651 621 2166 691 ...27-

643 826 906 897 Accedo
952 830 1086 919 jam
1129 831 1208 898 ad
1255 853 1366 899 eos
1427 833 1674 903 Aeliani
1719 838 1928 915 locos,
1995 840 2106 928 qui
2151 850 2521 907 nostrorum
2568 838 2877 905 beneficio
2932 838 3225 907 codicum
3274 838 3354 905 ab

469 943 1058 1030 interpolationibus
1115 947 1426 1016 liberandi
1467 962 1634 1019 sunt.
1727 950 1804 1021 In
1852 956 1946 1022 his
1993 976 2378 1043 magnopere
2423 956 2677 1042 gavisus
2737 975 2878 1021 snm
2932 954 3107 1042 quod
3162 976 3356 1043 quae·-

474 1078 728 1146 cunqne
781 1081 987 1148 nuper
1042 1072 1363 1151 tamquam
1417 1069 1632 1154 spuria
1683 1069 1885 1137 aliave
1947 1091 2138 1138 manu
2189 1069 2399 1137 addita
2466 1070 2531 1137 in
2588 1068 2696 1138 illa
2741 1066 3184 1167 dissertatione
3230 1092 3347 1137 no-

473 1174 633 1247 tavi,
685 1196 758 1241 ea
805 1186 1046 1245 tantu·
1089 1200 1224 1247 non
1267 1182 1480 1249 omnia
1516 1182 1652 1271 jam
1697 1206 1780 1251 ex
1824 1184 2136 1253 librorum
2183 1188 2560 1255 auctoritate
2614 1186 2769 1275 ejici
2814 1198 3096 1275 possunt.

648 1287 940 1359 Primum
967 1292 1162 1382 idque
1189 1298 1462 1383 perutile
1504 1301 1868 1391 exemplum
1913 1302 2415 1390 interpolationis
2458 1304 2525 1370 in
2557 1312 2803 1370 textum
2850 1302 3132 1371 intrusae
3174 1324 3357 1390 prae·

471 1400 626 1469 bent
672 1427 728 1471 c.
759 1402 962 1474 XXV
1008 1408 1200 1477 verba
1227 1407 1448 1497 πρώτη
1492 1412 1711 1491 στάσις
1761 1454 1832 1467 -·
1883 1415 2349 1503 περισπασμός,
2394 1440 2560 1507 quae
2602 1417 2913 1507 ejicienda
2957 1417 3089 1483 dixi
3134 1440 3198 1506 p.
3247 1424 3347 1485 19.

471 1516 722 1587 Desunt
764 1540 1030 1607 prorsus
1073 1527 1138 1592 in
1181 1524 1408 1595 MHG
1457 1541 1524 1595 et
1565 1536 1630 1597 ln
1677 1530 1891 1600 Gazae
1937 1534 2495 1622 interpretationeg
2544 1533 2775 1601 desunt
2815 1535 2883 1599 in
2928 1544 3111 1601 textu
3154 1535 3219 1598 in
3268 1533 3353 1609 Α,

475 1633 588 1701 sed
631 1636 699 1701 in
747 1657 827 1704 eo
871 1648 936 1705 et
982 1638 1063 1707 ad
1111 1662 1333 1709 vocem
1373 1649 1655 1713 καλεῖται
1699 1644 2092 1735 μεταβολή
2137 1650 2299 1717 baec
2342 1650 2555 1737 glossa
2598 1650 2664 1715 in
2710 1649 2996 1735 margine
3040 1648 3359 1735 adscripta

473 1760 602 1813 est:
669 1751 988 1838 μεταβολὴ
1043 1753 1116 1823 δὲ
1156 1752 1199 1841 ἦ
1245 1758 1336 1837 είς
1371 1755 1450 1828 τὸ
1496 1756 1700 1828 ὀπίσω
1741 1760 1906 1831 κατὰ
1951 1760 2160 1850 ἄνδρα
2212 1762 2498 1851 apocyni,
2550 1776 2615 1833 et
2653 1774 2799 1851 post
2843 1759 2937 1829 ἐπ’
2982 1761 3221 1830 ἀσπίδα
3262 1786 3361 1830 se—

472 1866 728 1950 quentia
774 1868 897 1935 boe
941 1872 1136 1939 modo
1181 1886 1443 1942 exarata
1485 1889 1666 1945 sunt:

833 1984 880 2049 ὃ
981 1984 1024 2052 ἁ
1067 1983 1155 2055 στ’
1206 1990 1266 2073 (i.
1316 2012 1370 2057 e.
1417 1988 1638 2077 πρώτη
1681 1991 1918 2080 στάσις)
1961 1993 2104 2080 ἤτοι
2151 1993 2217 2075 ἐξ
2262 1991 2481 2081 ἀρχῆς.

827 2110 894 2159 0*
986 2099 1029 2167 ά
1072 2105 1293 2183 κλίσις.

831 2214 882 2281 9
983 2214 1039 2300 β’
1093 2220 1296 2298 κλίσις
1313 2270 1332 2297 ,
1393 2220 1532 2309 ἥτις
1583 2224 1690 2291 καὶ
1749 2223 2065 2311 μεταβολὴ
2124 2224 2367 2309 λέγεται
2386 2245 2401 2261 ·
2466 2222 2623 2311 ὅπερ
2677 2222 2749 2290 δέ
2805 2222 2978 2291 ἐστιν
3032 2221 3179 2291 καθ’
3242 2224 3357 2291 ἕνα

990 2328 1256 2421 ὁπλίτην
1293 2332 1334 2422 ἡ
1362 2335 1678 2430 μεταβολή
1695 2392 1712 2417 ,
1757 2339 1886 2408 ἐστὶ
1914 2342 2021 2408 καὶ
2050 2342 2141 2420 εἰς
2178 2339 2253 2409 τὸ
2293 2344 2425 2407 πᾶν
2456 2338 2789 2425 σύνταγμα
2832 2336 2869 2406 ὁ
2898 2338 3351 2425 περισπασμός-

654 2442 732 2509 Et
779 2447 1003 2515 eodem
1049 2450 1184 2518 sere
1231 2454 1426 2524 modo
1470 2457 1652 2524 locus
1696 2458 1759 2523 in
1806 2455 1997 2525 BDE
2044 2457 2304 2545 legitur,
2352 2458 2470 2523 nisi
2516 2455 2689 2544 quod
2733 2458 2799 2523 in
2847 2452 2905 2521 D
2954 2452 3177 2540 πρώτη
3212 2453 3361 2521 στά-

479 2571 576 2633 σις
629 2556 772 2643 ἤτοι
819 2557 857 2646 ἧ
903 2561 968 2645 ἐξ
1014 2561 1210 2653 ἀρχῆς
1228 2620 1246 2650 ,
1305 2573 1372 2637 iu
1417 2568 1470 2637 E
1516 2567 1735 2657 πρώτη
1788 2568 2007 2649 στάσις
2056 2568 2184 2658 πρὸ
2237 2574 2350 2656 τῆς
2399 2572 2661 2651 κλίσεως
2702 2568 2749 2657 ἦ
2798 2564 2839 2657 ἦ
2885 2568 2951 2651 ἐξ
3006 2566 3227 2655 ἀρχῆς,
3296 2574 3363 2637 in

475 2668 594 2739 DE
637 2673 858 2761 πρώτη
900 2682 1102 2760 κλίσις
1145 2681 1249 2749 ἐπὶ
1291 2682 1480 2769 δόρυ,
1525 2688 1590 2753 in
1637 2685 1753 2756 DE
1799 2684 2064 2772 δευτέρα
2107 2692 2201 2754 xl..
2252 2688 2514 2777 legitur,
2559 2688 2625 2754 in
2670 2684 2869 2755 BDE
2916 2698 3129 2755 autem
3162 2686 3361 2754 verba

475 2788 791 2875 μεταβολὴ
834 2792 958 2878 γὰρ
1019 2836 1098 2847 --
1153 2801 1403 2887 στροφή
1468 2816 1540 2871 nt
1593 2802 1762 2891 apud
1826 2803 2178 2871 Gesnerum
2236 2814 2384 2891 post
2439 2800 2756 2889 μεταβολὴ
2808 2798 3053 2889 λέγεται
3100 2804 3361 2877 inserta,

480 2915 686 2979 omnia
738 2936 889 2982 vero
943 2916 1008 2981 in
1055 2914 1106 2981 B
1153 2918 1320 2985 linea
1365 2916 1671 2985 transfixa
1716 2929 1884 2985 sunt.
1991 2918 2178 3006 Apud
2227 2917 2567 2987 Arcerium
2611 2919 2834 3006 priora
2880 2914 3101 3001 πρώτη
3149 2956 3230 2967 --
3268 2916 3368 2983 λέ-

479 3052 650 3110 γεται
707 3034 968 3107 omissa,
1027 3033 1386 3118 posteriora
1443 3030 1758 3119 μεταβολὴ
1813 3032 1940 3119 γὰρ
2005 3074 2076 3083 -
2141 3029 2579 3121 περισπασμός
2632 3042 2885 3101 retenta
2928 3045 3109 3109 sunt,
3184 3055 3265 3099 ex
3316 3030 3365 3097 S

489 3168 636 3213 vero
671 3148 834 3213 nihil
877 3148 1257 3215 diversitatis
1303 3160 1609 3217 notatum.

651 3262 898 3331 Eodem
961 3264 1168 3352 capite
1229 3265 1424 3333 verba
1485 3246 1840 3351 ἐπιστροφὴ
1899 3262 1958 3333 δ’
2013 3264 2182 3333 ἐστὶν
2248 3302 2323 3315 —-
2392 3262 2747 3351 ἐπιστροφὴ
2802 3264 3047 3348 γίνεται
3108 3264 3192 3350 (p.
3242 3268 3369 3331 567

482 3402 538 3445 v.
589 3385 847 3447 11-24
875 3404 913 3447 a
941 3383 1233 3463 summo).
1284 3403 1448 3469 quae
1475 3380 1715 3449 ibidem
1743 3383 1810 3449 in
1841 3383 2269 3466 suspicionem
2300 3382 2560 3458 vocavi,
2604 3380 2835 3447 desunt
2864 3381 2929 3445 in
2960 3375 3165 3447 MAI*
3184 3374 3329 3445 HG
3352 3428 3369 3453 ,

479 3496 642 3561 linea
689 3495 992 3563 transfixa
1035 3506 1182 3564 sunt
1234 3499 1300 3563 in
1346 3494 1404 3563 D
1452 3496 1678 3567 additis
1745 3494 1825 3565 ad
1884 3518 2084 3583 marg.
2152 3496 2363 3563 verbis
2404 3498 2609 3563 ταῦτα
2666 3495 2899 3568 λείπει.
2950 3504 3096 3581 post
3144 3494 3368 3579 capitis

481 3614 720 3678 exitum
772 3650 850 3661 —
897 3609 1019 3695 τὴν
1060 3610 1130 3679 ἐκ
1171 3612 1396 3692 δεξιῶν
1423 3612 1724 3700 leguntur
1745 3614 1815 3680 in
1854 3609 1942 3688 B:
1989 3613 2057 3678 in
2097 3609 2150 3679 Ε
2183 3632 2347 3679 vero
2378 3633 2507 3679 non
2548 3611 2761 3679 solnm
2792 3610 2983 3685 haee,
3032 3610 3144 3675 sed
3179 3609 3371 3674 etiam

481 3749 646 3815 quae
673 3740 1031 3815 sequuntur
1060 3724 1412 3812 ἐπιστροφή
1443 3724 1616 3795 ἐστιν
1659 3766 1743 3779 -
1790 3723 2160 3813 δηλώσομεν
2186 3727 2264 3793 ad
2298 3728 2647 3815 marginem
2676 3724 2998 3812 adscripta
3034 3734 3182 3791 sunt
3212 3723 3378 3809 figu-

481 3865 622 3917 rae,
671 3866 836 3931 quae
879 3843 1096 3911 similis
1141 3844 1278 3911 fere
1323 3842 1750 3911 Gesnerianae
1795 3865 1856 3931 p.
1889 3848 2020 3911 567
2065 3844 2429 3930 primariam
2474 3842 2747 3929 paginae
2794 3851 3046 3928 partem
3078 3849 3376 3925 occupat.

657 3958 820 4027 Tum
866 3982 1026 4047 quas
1069 3961 1292 4048 eapitis
1338 3956 1640 4029 xxvln
1685 3968 1898 4048 partes
1941 3958 2095 4027 ibid.
2147 3980 2213 4047 p.
2264 3962 2351 4024 20
2398 3956 2645 4025 Aeliani
2691 3978 2822 4023 non
2880 3976 3019 4021 esse
3064 3954 3219 4031 dixi,
3270 3975 3379 4018 ea-

481 4100 624 4143 rum
670 4078 848 4165 prior
891 4072 1218 4143 Μωιεδών
1263 4114 1346 4126 -
1391 4076 1718 4160 πολεμίοις
1763 4076 1844 4164 (p.
1878 4080 2002 4143 571
2055 4097 2114 4141 v.
2163 4078 2381 4141 3-10
2430 4094 2467 4140 a
2512 4073 2787 4153 summo)
2837 4090 3107 4158 prorsus
3143 4070 3380 4135 omissa

485 4206 578 4259 est
621 4193 686 4259 in
731 4189 1172 4271 MBFGHI,
1221 4194 1537 4282 posterior
1582 4186 1620 4258 ὁ
1665 4189 1736 4259 δὲ
1783 4186 2020 4259 Λάκων
2065 4228 2151 4238 -
2196 4186 2454 4274 ἀνδρῶν
2499 4181 2711 4253 τόπον
2757 4185 2936 4271 (ibid.
2984 4207 3041 4251 v.
3082 4189 3161 4251 11·
3199 4188 3385 4249 -39

483 4332 518 4373 a
564 4298 837 4391 summo)
885 4311 951 4375 in
995 4305 1129 4377 ΜΒ
1159 4306 1385 4375 &GH
1437 4308 1707 4394 (additur
1761 4310 1826 4374 in
1872 4306 1959 4391 1);
2027 4317 2301 4394 utraque
2356 4303 2438 4372 ad
2484 4324 2684 4389 marg.
2744 4303 2985 4389 scripta
3036 4310 3131 4367 est
3188 4302 3255 4366 in
3302 4303 3379 4373 Α,

485 4426 728 4511 integra
777 4427 1006 4513 legitur
1059 4428 1124 4493 in
1169 4424 1254 4502 E,
1311 4424 1560 4493 uncinis
1602 4424 1844 4493 inclusa
1905 4424 1972 4489 in
2019 4418 2104 4489 D.
2226 4420 2533 4487 Arcerius
2581 4427 2823 4485 tantum
2875 4414 3099 4483 verba:
3170 4411 3382 4481 ἰστέον

486 4541 588 4607 ὅτι
633 4580 708 4591 --
759 4538 1016 4628 ἀνδρῶν
1057 4540 1261 4609 τόπον
1305 4541 1477 4627 (ibid.
1514 4564 1572 4607 v.
1606 4544 1867 4606 20—39
1914 4559 1949 4604 a
1981 4538 2280 4621 summo),
2334 4556 2519 4602 »enm
2574 4536 2639 4600 in
2672 4531 2841 4600 Gaza
2884 4550 3151 4620 prorsus
3198 4530 3383 4616 igno-

484 4675 708 4728 rentur
763 4674 827 4728 et
870 4664 1016 4751 qnia
1061 4683 1192 4729 non
1249 4681 1368 4729 suo
1411 4658 1558 4725 loco
1604 4658 1808 4746 posita
1853 4652 2310 4727 videbantur«,
2370 4652 2438 4718 in
2484 4662 2667 4717 notas
2720 4647 2801 4717 ad
2844 4668 3130 4735 sequens
3192 4657 3383 4733 capnt

483 4772 828 4867 reficienda
871 4779 1132 4865 putavit.
1226 4776 1358 4845 Nec
1407 4772 1506 4841 hie
1553 4794 1634 4838 ex
1681 4768 1730 4838 S
1776 4768 2104 4837 diversitas
2147 4768 2503 4855 scripturae
2546 4764 2859 4835 adnotata
2904 4774 3023 4831 est.

662 4892 793 4960 Sed
823 4893 952 4981 jam
983 4892 1062 4960 ad
1087 4901 1487 4979 portentosas
1517 4888 1652 4957 illas
1677 4888 1954 4974 capitum
1979 4878 2661 4951 xxxvl-XLVIII
2697 4878 3070 4948 accedimns
3100 4880 3375 4964 interpo-
