4400 5784
2248 596 2753 666 -12-

1062 802 1233 867 velut
1279 822 1360 867 eo
1411 801 1554 866 loco
1610 802 1718 889 qui
1767 813 1861 867 est
1923 801 2002 866 de
2049 804 2369 886 agminum
2418 802 2757 887 generibus
2804 824 2939 890 cap.
2976 802 3109 883 xl,
3157 824 3345 891 quem
3390 814 3608 890 postea
3640 803 3933 890 apposui;

1063 917 1184 983 boc
1241 937 1394 983 vero
1447 918 1510 983 in
1577 915 1896 983 tradendis
1967 916 2046 982 de
2091 917 2401 1005 equestris
2456 918 2615 983 aciei
2672 917 2893 983 formis
2940 938 3073 1005 cap.
3126 916 3247 983 vn
3320 928 3445 983 tam
3512 918 3933 983 necessarium

1064 1034 1330 1118 putavit,
1381 1044 1450 1097 ut
1483 1032 1648 1099 bunc
1679 1032 1934 1120 quidem
1983 1032 2190 1099 locum
2236 1031 2560 1100 brevitatis
2592 1034 2873 1121 alioquin
2914 1044 3251 1121 usurpatae
3296 1034 3629 1099 immemor
3672 1034 3751 1098 ad
3782 1054 3935 1098 nau-

1061 1170 1234 1214 seam
1287 1170 1490 1235 usque
1548 1148 1841 1215 latissime
1895 1148 2301 1215 enarraverit.
2434 1146 2667 1216 Sermo
2726 1148 2865 1237 ejus
2920 1150 3184 1235 simplex
3246 1160 3341 1214 est
3404 1160 3466 1214 et
3526 1170 3751 1236 purus:
3822 1170 3937 1213 nec

1065 1265 1396 1351 vestigium
1441 1264 1541 1329 vel
1587 1264 1970 1330 levissimum
2017 1264 2285 1329 inveniri
2331 1273 2538 1350 potest
2583 1267 2913 1351 temporis,
2968 1286 3155 1352 quam
3202 1284 3333 1351 quo
3375 1263 3479 1329 ille
3528 1262 3939 1350 Asclepiodo-

1068 1391 1168 1446 tus
1218 1380 1400 1453 vixit,
1447 1379 1848 1453 recentioris.
1897 1378 2128 1445 nedum
2173 1380 2311 1444 aevi
2356 1376 2703 1469 Byzantini.
2818 1378 2977 1445 Mihi
3024 1380 3279 1467 quidem
3322 1380 3573 1459 potiora
3620 1381 3713 1445 rei
3760 1380 3935 1444 tacti-

1061 1517 1172 1559 cae
1217 1496 1418 1580 capita
1465 1516 1546 1559 ex
1591 1496 1740 1582 ipsis
1787 1494 2162 1561 tacticorum
2212 1490 2633 1560 Macedonum
2684 1533 2764 1543 —
2831 1493 3091 1585 Pyrrhi,
3150 1496 3381 1582 opinor
3402 1548 3415 1567 ,
3480 1506 3543 1559 et
3588 1491 3935 1561 Alexandri

1063 1648 1142 1659 -—-
1193 1609 1370 1675 libris
1415 1611 1807 1697 excerpsisse
1853 1622 1916 1675 et
1959 1630 2078 1677 suo
2122 1609 2385 1675 arbitrio
2432 1609 2740 1697 explicata
2786 1610 2851 1675 in
2900 1610 3345 1697 compendium
3396 1610 3717 1695 redegisse
3764 1610 3933 1673 vide-

1063 1738 1198 1799 tur.
1247 1726 1458 1811 potius
1505 1726 1828 1793 bominum
1874 1727 1969 1791 rei
2021 1726 2375 1791 doctrinam
2420 1724 2629 1791 animo
2686 1726 3173 1812 percipientium
3220 1725 3686 1797 commoditati.
3748 1745 3937 1812 quam

1062 1863 1216 1907 vero
1263 1842 1527 1907 militum
1575 1853 1776 1907 artem
1832 1863 2008 1908 suam
2056 1842 2488 1908 exercentium
2546 1842 2691 1907 usui
2738 1841 3135 1908 destinatum.
3250 1842 3314 1907 ls
3360 1842 3495 1927 ipse
3542 1852 3931 1927 cognatusve

1067 1955 1312 2022 libellus
1377 1994 1458 2003 —
1523 1956 1699 2021 vario
1743 1956 1936 2023 modo
1993 1956 2158 2022 enim
2206 1956 2360 2023 baec
2406 1956 2751 2037 elementa,
2800 1967 2872 2023 ut
2918 1958 3103 2023 etiam
3150 1955 3317 2043 apud
3364 1978 3483 2023 nos
3530 1956 3753 2023 similia
3798 1954 3937 2021 fieri

1064 2072 1376 2143 videmus,
1437 2080 1776 2138 retractata
1821 2092 1962 2138 esse
2023 2091 2328 2159 perquam
2376 2082 2473 2137 est
2514 2070 2845 2160 probabile
2902 2110 2985 2119 —
3050 2073 3129 2137 ad
3176 2094 3429 2138 manum
3490 2072 3683 2137 credo
3744 2071 3935 2138 fuisse

1059 2184 1325 2253 Aeliano
1347 2238 1362 2262 ,
1419 2208 1563 2253 cum
1625 2186 1988 2273 aequalibus
2045 2188 2176 2253 suis
2218 2187 2627 2275 comparandi
2690 2190 2887 2276 gratia
2937 2188 3335 2255 Graecorum
3384 2185 3935 2273 Macedonumque

1055 2303 1332 2368 militiam
1381 2314 1549 2367 esset
1577 2302 2020 2369 illustraturus.
2115 2302 2243 2385 Qui
2290 2302 2459 2369 baud
2488 2305 2625 2369 scio
2670 2326 2747 2369 an
2796 2306 2861 2370 in
2902 2304 3275 2371 militaribus
3322 2305 3625 2391 temporis
3672 2304 3769 2369 sui
3800 2314 3935 2367 stu-

1055 2418 1170 2482 diis
1233 2428 1424 2505 atque
1487 2418 1764 2484 consiliis
1834 2420 2102 2506 aliquam
2163 2420 2459 2505 antiquae
2519 2420 2781 2485 tacticae
2844 2418 3227 2486 refovendae
3276 2440 3526 2485 causam
3582 2419 3927 2485 invenerit:

1053 2545 1254 2605 certe,
1303 2543 1606 2619 quantum
1653 2536 1716 2600 in
1767 2546 1936 2600 tanta
1986 2534 2267 2601 omnium
2312 2532 2582 2600 fontium
2630 2537 2893 2623 penuria
2940 2536 3245 2623 suspicari
3280 2536 3458 2613 licet,
3507 2545 3655 2620 post
3700 2530 3931 2620 Traja-

1051 2670 1201 2714 num
1248 2648 1578 2733 peculiaris
1623 2650 1783 2715 aciei
1827 2649 2234 2716 instruendae
2278 2649 2469 2731 ratio,
2520 2672 2683 2738 quae
2728 2650 2897 2738 apud
2942 2648 3271 2717 Romanos
3314 2672 3431 2738 per
3476 2650 3657 2738 plura
3704 2670 3930 2715 saecu-

1061 2764 1116 2827 la
1189 2762 1474 2829 manibus
1537 2765 1715 2851 quasi
1779 2764 2000 2830 tradita
2059 2765 2453 2843 obtinuerat,
2514 2767 2744 2832 sensim
2806 2766 3161 2833 exolevisse
3220 2778 3285 2831 et
3330 2766 3407 2831 ad
3456 2766 3933 2851 phalangiticam

1061 2878 1454 2945 Graecorum
1501 2880 2054 2967 Macedonumque
2098 2880 2557 2947 ordinationem
2606 2882 2907 2948 recidisse
2954 2881 3221 2948 videtur.

1225 2993 1370 3059 Jam
1415 2993 1689 3059 indicem
1733 3014 2058 3082 apponere
2104 2996 2305 3081 placet
2364 2997 2638 3084 capitum
2687 2996 3021 3064 duodecim
3050 3046 3067 3071 ‚
3133 3019 3215 3062 ex
3261 2997 3493 3085 quibus
3554 2997 3931 3083 opusculum

1053 3108 1482 3197 Asclepiodoti
1531 3120 1808 3187 constat,
1855 3110 2081 3177 additis
2125 3110 2375 3181 Aeliani
2422 3123 2487 3178 et
2530 3112 2787 3179 Arriani
2836 3114 3153 3185 numeris:
3202 3111 3478 3177 Arriano
3526 3132 3693 3177 nuuc
3745 3112 3931 3176 etiam

1053 3226 1252 3312 capita
1313 3237 1375 3291 et
1431 3225 1861 3314 paragrapbos
1926 3226 2217 3293 editionis
2274 3224 2763 3303 Muelleriauae‚
2836 3248 3000 3315 quae
3061 3226 3227 3314 apud
3294 3225 3621 3292 Didotium
3674 3226 3927 3311 prodiit,

1047 3339 1250 3406 adscri
1297 3342 1370 3407 si.

1227 3364 1294 3519 [g
1339 3456 1498 3541 Περὶ
1525 3460 1638 3541 τῆς
1671 3452 2022 3542 φαλάγγων
2053 3458 2391 3541 διαφορᾶς.
2488 3458 2651 3541 (Ael.
2694 3460 2769 3525 11.
2818 3479 2884 3504 =
2935 3458 3081 3524 Arr.
3118 3480 3171 3521 c.
3208 3462 3446 3523 2—-75,
3497 3478 3559 3543 p.
3600 3462 3818 3522 5--17
3848 3452 3922 3520 B.

1339 3568 1584 3637 ll—lV
1627 3568 1750 3653 Μ.)

1219 3669 1282 3769 ’βῗ
1335 3686 1494 3769 Περὶ
1537 3689 1657 3752 τοῦ
1701 3682 1992 3772 ἀριθμοῦ
2049 3686 2156 3753 καὶ
2208 3690 2323 3772 τῆς
2379 3684 2729 3773 ὀνομασίας
2784 3692 2914 3755 τῶν
2968 3692 3182 3773 μερῶν
3242 3692 3353 3771 τῆς
3412 3684 3744 3771 φάλαγγος
3798 3690 3926 3751 τῶν

1341 3796 1634 3867 ὁπλιτῶν.
1729 3802 1887 3885 (Ael.
1925 3798 2233 3869 lv—IX.
2280 3824 2349 3851 =
2396 3804 2544 3871 Arr.
2596 3826 2647 3870 c.
2684 3808 2901 3871 9—15
2934 3805 2999 3873 S.
3048 3825 3111 3891 p.
3152 3808 3409 3869 18-32
3443 3801 3515 3868 B.
3564 3800 3780 3868 v—-X
3808 3798 3923 3885 M.)

1219 3894 1278 4001 γ’.
1331 3916 1492 3999 Περὶ
1535 3912 1876 3997 διατάξεως
1931 3920 2063 3983 τῶν
2121 3913 2379 4003 ἀνδρῶν
2440 3923 2555 4003 τῆς
2598 3942 2663 3985 τε
2708 3914 2859 3985 καθ’
2920 3914 3078 4003 ὅλην
3135 3916 3255 4003 τὴν
3310 3915 3613 4003 φάλαγγα
3668 3916 3775 3981 καὶ
3818 3920 3929 3999 τῆς

1337 4029 1501 4099 κατὰ
1544 4030 1723 4118 μέρη.
1818 4032 1980 4115 (Ael.
2027 4030 2118 4099 X.
2189 4031 2387 4101 Deest
2432 4036 2497 4100 in
2544 4034 2860 4101 Arriano:
2914 4034 3037 4101 vid.
3084 4033 3289 4118 infra.)

1219 4132 1278 4213 ff.
1331 4148 1488 4233 Περὶ
1512 4144 1976 4233 διαστημάτων.
2027 4147 2190 4233 (Ael.
2220 4146 2343 4215 xl.
2392 4170 2460 4195 =
2506 4148 2655 4215 Arr.
2689 4172 2747 4217 c.
2793 4155 2872 4215 16
2908 4160 2971 4215 et
3008 4153 3087 4215 17
3123 4146 3191 4215 S.
3229 4170 3289 4235 p.
3325 4154 3412 4215 32
3444 4170 3537 4236 sq.
3571 4145 3645 4212 B.
3677 4145 3783 4214 XI
3808 4144 3921 4229 M.)

1221 4248 1278 4329 ἶ.
1332 4263 1492 4349 Περὶ
1533 4267 1663 4329 τῶν
1709 4260 1926 4329 ὅπλων
1968 4266 2085 4349 τῆς
2125 4286 2194 4329 τε
2242 4264 2630 4348 συμμετρίας
2672 4264 2781 4331 καὶ
2824 4269 2943 4331 τοῦ
2988 4266 3222 4340 εἴδους.
3326 4264 3484 4349 (Ael.
3536 4260 3693 4331 XII.
3742 4259 3921 4329 XIV.

1335 4400 1406 4425 =
1452 4380 1599 4445 Arr.
1651 4401 1703 4445 c.
1763 4384 1840 4445 19
1889 4389 1952 4445 et
1999 4382 2084 4444 20
2133 4375 2202 4445 S.
2254 4400 2315 4467 p.
2362 4384 2625 4447 35—38
2674 4376 2749 4447 C.
2798 4378 2965 4455 XII,
3016 4378 3065 4467 S
3114 4384 3323 4445 6—11
3376 4380 3496 4462 M.)

1211 4478 1301 4560 στ’.
1333 4492 1492 4577 Περὶ
1537 4496 1649 4578 τῆς
1689 4496 1821 4560 τῶν
1863 4498 2072 4573 ψιλῶν
2127 4518 2194 4561 τε
2240 4494 2343 4561 καὶ
2402 4499 2767 4561 πελταστῶν
2810 4492 3142 4581 φάλαγγος
3204 4494 3309 4560 καὶ
3370 4498 3482 4578 τῆς
3534 4497 3663 4560 τῶν
3714 4496 3925 4577 μερῶν

1325 4604 1560 4687 τάξεώς
1601 4630 1667 4674 τε
1713 4608 1822 4674 καὶ
1865 4604 2233 4694 ὀνομασίας.
2330 4610 2491 4695 (Ael.
2539 4609 2668 4678 XV
2714 4624 2776 4679 et
2823 4609 3004 4679 XVI.
3052 4631 3123 4659 ==
3168 4610 3319 4677 Arr.
3368 4634 3423 4678 c.
3472 4616 3547 4675 21
3606 4620 3669 4675 et
3717 4614 3801 4674 22
3850 4606 3918 4673 S.

1334 4746 1396 4812 p.
1445 4729 1700 4791 38—-41
1753 4722 1830 4791 Β.
1876 4723 2050 4793 XIII
2097 4738 2159 4793 et
2204 4724 2367 4793 XIV
2412 4724 2527 4809 Μ.)

1211 4824 1272 4919 ξ
1317 4840 1475 4925 Περὶ
1531 4844 1644 4925 τῆς
1707 4844 1836 4907 τῶν
1896 4838 2140 4909 ἱππέων
2199 4840 2531 4929 φάλαγγος
2580 4844 2685 4911 καὶ
2737 4846 2869 4909 τῶν
2914 4840 3281 4927 ὀνομασιῶν
3334 4844 3447 4925 τῆς
3490 4864 3555 4905 τε
3610 4838 3761 4924 ὅλης
3814 4840 3919 4904 καὶ
