4400 5784
1600 688 1691 700 -.
1808 649 1897 721 31
2024 693 2113 704 -.

652 855 1118 923 ΑΡΡῙΑΝΟΤ
1647 857 2099 922 ΑῙΛΙΑΝΟΤ
2580 855 3113 922 ΟΝΟΜΑΣΙΑῙ

374 1031 543 1112 ἔξω
614 1031 1094 1119 ἐστραμμένους
1141 1032 1215 1113 ἐξ
1259 1030 1338 1100 εἷ-
1402 1030 1603 1117 γούς
1658 1031 1803 1113 ἔξω
1865 1031 2183 1118 ἔχουσα
2249 1033 2322 1116 ἐξ
2381 1030 2699 1119 ραγούς
2771 1031 2922 1113 ’ἔξω
3008 1029 3298 1116 ἔχουσα

370 1138 785 1225 πατέρων
848 1145 1003 1206 τῶν
1086 1143 1341 1226 μερῶν
1404 1136 1796 1224 ἑκατέρων
1852 1143 2001 1207 τῶν
2054 1144 2324 1226 μερῶν
2383 1138 2456 1220 έξ
2524 1136 2925 1225 ἑκατέρων
2988 1141 3135 1203 τῶν
3177 1157 3296 1220 με-

378 1245 481 1310 ἐν
530 1253 1071 1332 παραγωγαῖς.
1405 1243 1487 1312 έν
1520 1253 2025 1331 παραγωγαῖς
2068 1269 2324 1332 τεταγ-
2382 1249 2532 1333 ρῶν
2605 1245 2690 1312 ἐν
2781 1249 3296 1331 παραγωγαῖς

483 1359 555 1418 3.
644 1348 1207 1439 Ἐτερόστομος
1264 1349 1339 1418 δὲ
1403 1347 2325 1440 μένους.9.Ἑτερόστομος
2381 1349 2932 1437 τεταγμένους.
3002 1345 3299 1434 ‘Emb-

382 1455 730 1543 φάλαγξ
784 1454 1023 1545 ἐστὶνὴ
1066 1455 1155 1525 τὸ
1198 1455 1341 1543 μὲν
1405 1455 1491 1524 δὲ
1520 1453 1824 1543 φάλαγξ
1853 1456 2327 1545 καλεῖται,ἥ-
2383 1473 2676 1544 στομος
2719 1453 3022 1544 φάλαγξ
3049 1460 3298 1522 καλεῖ-

386 1561 869 1650 ἡγούμενον
954 1563 1195 1652 ἥμισυ
1268 1563 1339 1632 ἐν
1403 1588 1555 1646 τις,
1602 1560 1699 1631 ἄν
1740 1561 2202 1652 πορεύηται,
2238 1561 2323 1632 τὸ
2379 1589 2535 1646 ται,
2583 1561 2784 1650 ἥτις,
2829 1560 2926 1630 ἄν
2967 1557 3296 1649 πορεύη-

387 1675 478 1757 τῇ
572 1673 807 1761 πορείᾳ
900 1671 1183 1757 ἔχουσα
1256 1671 1339 1738 ἐν
1403 1670 1547 1755 μὲν
1588 1665 2027 1757 ἡγούμενον
2076 1667 2324 1757 ἥμισυ
2379 1695 2529 1748 ται,
2596 1666 2687 1737 τὸ
2753 1669 2894 1756 μὲν
2957 1665 3298 1755 ἡγούμε-

398 1775 817 1868 εὐωνύμῳ
870 1783 1335 1866 παραγωγῇ,
1407 1776 1691 1863 ἔχουσα
1780 1776 1862 1845 έν
1951 1773 2322 1869 εὐωνύμῳ
2377 1801 2527 1845 νον
2555 1775 2794 1863 ἥμισυ
2827 1775 3128 1863 ἔχουσα
3161 1773 3292 1858 ἐνὶ)

406 1883 790 1951 τουτέστι
851 1882 1036 1963 τοὺς
1076 1879 1342 1971 ἡγεμό-
1404 1888 1867 1971 παραγωγῇ.
1965 1881 2322 1952 τουτέστι
2379 1879 2768 1974 εὐωνύμῳ
2843 1884 3291 1968 παραγωγῇ,

396 2015 553 2067 νας
604 1989 686 2071 ἐξ
731 1986 1147 2076 εὐωνύμου,
1197 1995 1341 2058 τοῦ
1405 1987 1595 2068 τούς
1630 1985 2015 2076 ἡγεμόνας
2044 1990 2118 2073 ἐξ
2148 1987 2322 2058 εὐω-
2375 1987 2733 2057 τουτέστι
2792 1987 2984 2067 τούς
3024 1983 3293 2074 ἡγεμό-

406 2096 493 2162 δὲ
580 2101 871 2164 λοιποῦ
928 2092 1264 2184 ἡμίσεως
1292 2100 1337 2184 ·)
1403 2093 1680 2182 νύμων,
1738 2101 1879 2164 τοῦ
1923 2095 2006 2164 δὲ
2044 2101 2526 2176 λοιποῦνας
2633 2096 2718 2178 ἐξ
2819 2091 3293 2179 εὐωνύμου,

400 2207 567 2287 τῆς,
659 2201 1068 2289 φάλαγγος
1154 2201 1342 2282 τούς
1403 2199 1705 2290 ἡμίσους
1797 2207 1941 2290 τῆς
2040 2199 2325 2290 φάλαγ-
2379 2207 2522 2272 τοῦ
2569 2201 2983 2271 δὲλοιποῦ
3024 2197 3294 2287 ἡμίσε-

404 2305 835 2394 ἡγεμόνας
936 2308 1021 2376 ἐν
1104 2311 1341 2398 δεξιᾷ
1404 2333 1547 2395 γος
1588 2307 1777 2388 τούς
1817 2305 2212 2395 ἡγεμόνας
2255 2309 2326 2378 ἐκ
2381 2299 2552 2397 ως’“)
2631 2307 2825 2388 τούς
2893 2303 3294 2395 ἡγεμόνας

414 2420 871 2502 παραγωγῇ.
1403 2420 1525 2484 τοῦ
1567 2414 1789 2502 ἑτέρου
1846 2414 2108 2504 μέρους,
2166 2415 2322 2499 ὅπερ
2382 2414 2462 2484 ἐν
2525 2417 2758 2506 δεξιᾷ
2819 2417 3284 2502 παραγωγῇ.

1408 2522 1578 2591 ἐστὶν
1646 2521 1727 2589 ἐν
1792 2523 2010 2613 δεξιᾷ
2082 2546 2326 2609 παρα·-

508 2635 571 2695 4.
616 2625 1218 2713 Ὅμοιόστομος
1282 2625 1341 2696 δ’
1406 2633 1635 2718 γωγῇ.
1730 2635 1833 2696 10.
1872 2625 1969 2696 Ἥ
2008 2628 2079 2697 δὲ
2109 2624 2322 2714 ὅμοι-
2419 2625 3140 2716 Ὅμοιόστομος·)ἐν
3169 2649 3290 2692 πο·

417 2733 507 2801 ἐν
544 2737 825 2826 πορείᾳ
868 2736 1345 2822 διφαλαγγία
1409 2733 1746 2821 όστομος
1774 2722 2318 2825 ἑντῇπορείᾷι)
2378 2740 2551 2829 ρείᾷ
2617 2734 3115 2823 διφαλαγγία
3181 2729 3294 2798 ἐσ-

419 2841 679 2918 ἐστίν,
745 2840 921 2929 ἥτις
963 2839 1143 2920 τούς
1184 2836 1343 2929 ἡγε-
1409 2842 1915 2930 διφαλαγγία,
1946 2839 2324 2928 ἥτιςτούς
2375 2846 2536 2926 τίν,
2610 2841 2788 2930 ἥτις
2840 2839 3038 2918 τούς
3104 2833 3294 2924 ἡγε-

424 2945 669 3030 μόνας
756 2946 1135 3034 ἑκατέρας
1205 2951 1345 3035 τῆς
1407 2945 1811 3037 ἡγεμόνας
1936 2945 2323 3034 ἑκατέρας
2377 2947 2632 3036 μόνας
2705 2946 3086 3033 ἑκατέρας
3156 2948 3292 3031 τῆς

433 3052 833 3138 φάλαγγος
877 3053 966 3122 ἐκ
1006 3057 1159 3121 τῶν
1220 3050 1342 3122 αὐ·
1407 3053 1811 3142 φάλαγγος
1863 3054 1945 3121 ἐκ
1984 3057 2142 3120 τῶν
2185 3051 2320 3120 αὐ·
2377 3054 2800 3144 φάλαγγος
2842 3054 2926 3122 ἐκ
2968 3057 3124 3120 τῶν
3165 3047 3296 3118 αὐ-

430 3163 584 3224 τῶν
662 3164 915 3246 μερῶν
1004 3159 1159 3246 ἔχει
1225 3183 1346 3228 τε·
1406 3165 1561 3229 τῶν
1594 3165 1849 3247 μερῶν
1883 3159 2324 3247 ἔχειτεταγ-
2376 3168 2532 3232 τῶν
2602 3166 2866 3249 μερῶν
2947 3159 3112 3246 ἔχει
3184 3181 3294 3225 τε·

425 3265 903 3350 ταγμένους,
981 3263 1030 3352 ἡ
1088 3267 1169 3334 ἐκ
1234 3269 1346 3334 δε-
1405 3266 1719 3353 μένους,
1784 3261 1928 3333 οἷον
1992 3265 2073 3332 ἐκ
2133 3268 2324 3347 δεξι-
2375 3267 2856 3356 ταγμένους,
2938 3265 3122 3338 οἷον
3207 3267 3292 3335 έκ

424 3373 620 3451 ξιῶν
694 3369 738 3458 ἢ
801 3372 873 3440 ἐκ
945 3377 1097 3441 τῶν
1163 3371 1344 3441 εὐω-
1406 3371 1682 3462 ῶνῆέξ
1712 3368 2133 3457 εὐωνύμων
2160 3370 2320 3442 ἑκα-
2377 3379 2707 3459 δεξιῶνς
2765 3373 2811 3461 ἢ
2871 3375 2946 3458 ἐξ
3004 3371 3292 3443 εὐωνύ-

430 3476 691 3563 νύμων
762 3478 1152 3566 ἑκατέρας
1229 3484 1343 3567 τῆς
1404 3479 1631 3566 τέρας
1674 3476 2098 3566 φάλαγγος.
2375 3509 2542 3571 μων
2577 3481 2963 3569 ἑκατέρας
2995 3479 3290 3568 φάλαγ-

436 3581 855 3670 φάλαγγος.
2374 3616 2532 3678 γος.

511 3699 576 3759 5.
629 3689 835 3759 ’Όταν
909 3691 991 3759 δὲ
1075 3688 1119 3779 ἡ
1202 3689 1346 3779 άμ-
1414 3699 1511 3761 11.
1556 3694 1643 3760 Εί
1686 3691 1771 3760 δὲ
1814 3689 2322 3779 ἀμφίστομος
2423 3696 2808 3784 Ἔμβολον
2881 3693 2965 3763 δὲ
3033 3699 3285 3762 καλεῖ-

423 3800 811 3882 φίστομος
854 3800 1343 3886 διφαλαγγία
1408 3800 1907 3886 διφαλαγγία
1951 3793 2042 3865 τά
2072 3796 2211 3882 μὲν
2246 3793 2318 3884 ἡ-
2371 3829 2536 3888 ται,
2600 3801 2791 3870 ὅταν
2831 3797 2873 3889 ἡ
2919 3797 3288 3888 άμφίστο·

422 3900 517 3970 τὰ
558 3901 702 3988 μὲν
760 3899 1169 3990 ἡγούμενα
1226 3905 1345 3974 πέ-
1407 3904 1763 3995 γούμενα
1834 3901 2134 3988 πέρατα
2201 3900 2322 3972 άλ-
2375 3935 2525 3998 μσς
2619 3908 3120 3996 διφαλαγγία
3194 3904 3288 3974 τὰ

420 4034 612 4094 ρατα
708 4007 1082 4097 άλλὴλοις
1172 4026 1344 4080 συν·
1406 4004 1681 4100 λη’λοις
1725 4007 2072 4099 συνάψῃ,
2126 4006 2207 4078 τά
2251 4009 2321 4078 δὲ
2376 4015 2519 4103 μὲν
2582 4009 2992 4102 ἡγούμενα
3055 4011 3292 4102 κέρατα

422 4114 627 4203 άψῃ,
693 4115 780 4184 τὰ
839 4116 927 4185 δὲ
994 4113 1343 4204 ἑπόμενα
1406 4115 1747 4204 ἑπόμενα
1782 4114 2195 4206 διαστήσῃ,
2232 4115 2321 4185 τὸ
2378 4117 2754 4210 ἀλλήλοις
2799 4116 3163 4207 συνάψῃ,
3194 4117 3288 4187 τὰ

421 4220 860 4312 διαστήσῃ,
927 4221 1018 4291 τὸ
1084 4229 1343 4293 τοιοῦ-
1404 4229 1777 4294 τοιοῦτον
1818 4231 2171 4292 καλεῖται
2207 4222 2324 4312 ἔμ-
2378 4228 2458 4299 δὲ
2488 4227 2844 4315 ἑπομένα
2874 4223 3278 4314 διαστήσῃ.

422 4354 562 4396 τον
592 4327 945 4418 ἔμβολζον
974 4337 1336 4400 καλεῖται.
1404 4337 1677 4421 βολον·
1762 4341 1823 4394 οἱ
1878 4337 1989 4414 γὰρ
2047 4336 2324 4410 ἡγεμόνες

1402 4441 1893 4516 apameno-*nc
1996 4439 2322 4505 ἐνδέχονται

1404 4529 1531 4596 τοὺς
1568 4527 1899 4596 πολεμίους.

420 4762 572 4825 gotio
590 4773 655 4812 ex
680 4760 909 4814 Aeliano
931 4766 987 4813 ot
1008 4761 1186 4814 lexico
1209 4775 1337 4828 nup·
1469 4744 1527 4826 ¹²)
1562 4759 1754 4830 πορείᾳ
1791 4771 1882 4812 om
1916 4759 1990 4812 Μ.
2452 4741 2498 4826 i)
2533 4747 2621 4808 ἐπ’
2655 4754 2820 4808 Coisl.

420 4849 627 4913 pietur,
664 4849 814 4916 signu
850 4849 1030 4914 potuit
1063 4851 1137 4904 Μ.
2455 4829 2516 4914 Ιι)
2553 4836 2771 4912 ἡμίσεος
2805 4842 2972 4896 (Ξοίεἱ.

492 4933 550 5008 ·)
588 4937 746 4988 Solu·
780 4935 837 4990 Μ
873 4929 1106 5003 ἡμίσεος.
2457 4919 2502 5004 ¹)
2538 4925 2600 4985 δὲ
2633 4933 2738 4985 add
2773 4931 2934 4985 Coisl.
