4400 5784
1640 599 2098 671 „5-

346 801 765 878 tissimum,
813 804 924 870 sed
971 815 1180 872 tamen
1227 827 1355 874 non
1399 807 1515 884 ita,
1572 821 1641 873 ut
1685 827 1813 874 non
1861 807 2087 896 reliqui
2136 811 2322 876 etiam
2371 809 2556 878 codd.
2610 811 2676 875 in
2721 808 3070 876 subsidium
3115 808 3309 876 advo-

354 918 583 983 candi
642 921 852 986 sinn«
967 920 1040 986 ld
1089 942 1277 1008 quam
1325 942 1477 988 vere
1529 921 1725 989 fuerit
1762 923 2143 1012 judicatum,
2197 923 2331 1013 jam
2385 927 2450 991 in
2496 924 2766 991 Aeliano
2824 924 3150 991 ostendam
3196 925 3306 998 ita,

352 1043 443 1095 ut
497 1034 752 1110 simul,
802 1055 965 1121 quae
996 1036 1078 1102 sit
1108 1035 1270 1102 ratio
1316 1048 1378 1102 et
1408 1038 1707 1125 cognatio
1738 1038 2027 1105 codicum
2072 1039 2502 1106 Parisinornm
2525 1088 2542 1114 ‚
2594 1039 2826 1127 liquide
2857 1038 3300 1106 demonstrem.

581 1145 1068 1216 Recensionem
1154 1171 1315 1238 quae
1393 1152 1583 1219 hodie
1660 1151 2104 1220 circumfertur
2170 1152 2418 1222 Aeliani
2486 1176 2605 1222 suo
2677 1153 2824 1243 jure
2897 1153 3302 1241 »prodigiose

368 1269 837 1349 eon-uptam‘1
890 1263 1125 1331 dixisse
1170 1263 1478 1332 Haasium
1522 1289 1583 1354 p.
1634 1273 1717 1334 36
1764 1270 1860 1333 vel
1908 1291 1992 1334 ex
2034 1268 2110 1334 iis
2156 1281 2418 1358 apparet
2462 1267 3092 1356 interpolationibus,
3146 1289 3304 1355 quas

286 1471 295 1480 ι
368 1379 449 1441 in
507 1381 753 1463 priore
798 1379 1235 1446 dissertatione
1278 1382 1571 1449 revelavi.
1663 1383 1736 1449 In
1773 1384 2001 1471 quibus
2034 1385 2383 1452 revelandis
2430 1405 2643 1450 veram
2691 1406 2794 1450 me
2840 1394 3128 1448 secutum
3164 1403 3302 1448 esse

376 1495 740 1559 rationem
772 1493 903 1581 jam
935 1517 1017 1562 ex
1049 1493 1371 1562 codicibus
1403 1497 1643 1564 collatis
1675 1498 2017 1565 clarissime
2046 1511 2325 1586 apparet.
2407 1499 2686 1565 Prorsus
2726 1499 2892 1564 enim
2926 1497 3172 1563 div'ersa
3206 1507 3302 1562 est

373 1607 675 1673 Aeliani
722 1611 1009 1676 recensio
1054 1610 1507 1678 Florentina
1550 1634 1585 1679 a
1633 1615 1987 1680 Parisina
2048 1652 2127 1662 —-
2174 1615 2259 1680 ita
2304 1613 2439 1702 jam
2486 1611 2809 1679 brevitatis
2855 1633 3042 1678 causa
3090 1611 3302 1677 dicere

368 1721 557 1788 licet
622 1764 699 1774 —-
720 1776 737 1803 ‚
788 1746 1053 1812 quarum
1104 1725 1207 1792 illa
1256 1727 1601 1812 genuinum
1648 1736 1894 1795 textum
1954 1730 2234 1796 continet
2296 1729 2374 1796 ad
2432 1729 2812 1794 Arrianeum
2877 1725 3301 1812 fragmentum

381 1841 717 1923 proxime
762 1840 1193 1917 accedentem,
1242 1840 1399 1934 haec
1428 1863 1574 1909 cum
1618 1843 1755 1910 aliis
1783 1844 1937 1910 locis
1982 1845 2354 1932 interpolata
2386 1855 2511 1920 est,
2560 1853 2693 1909 tum
2739 1863 2873 1928 cap.
2907 1837 3290 1908 XXXVI—-

392 1950 708 2020 XLVIII
751 1955 1068 2042 ingentem
1115 1956 1396 2024 continet
1458 1979 1724 2046 eamque
1781 1959 2179 2025 vanissimam
2236 1960 2600 2026 tacticarum
2647 1956 3123 2023 meditationum
3170 1954 3299 2020 far-

397 2071 705 2152 raginem
753 2067 912 2138 miro
958 2070 1151 2138 modo
1198 2093 1343 2139 cum
1387 2073 1651 2140 sinceris
1695 2075 1971 2141 auctoris
2017 2072 2224 2140 verbis
2271 2072 2696 2140 commixtam.

594 2183 902 2252 Editionis
946 2185 1457 2256 Florentinae
1501 2210 1700 2256 unum
1730 2186 2033 2256 habemus
2080 2200 2302 2255 testem
2355 2188 2739 2262 Parisinum,
2791 2187 3075 2254 codicem
3119 2189 3292 2252 2446

400 2300 629 2386 (quem
696 2302 873 2368 litera
934 2299 1007 2370 M
1062 2302 1429 2390 insignibo),
1498 2305 1926 2382 chartaceum,
1989 2305 2416 2371 recentissime
2475 2341 2557 2352 —-
2619 2303 2873 2370 saeculo
2929 2297 3154 2380 XVII,
3221 2310 3295 2366 ut

407 2417 744 2502 catalogus
787 2416 1021 2484 indicat
1073 2457 1146 2466 —
1220 2419 1331 2485 sed
1378 2420 1876 2500 accuratissime,
1937 2431 2008 2486 ut
2051 2419 2345 2493 videtur,
2413 2441 2448 2484 e
2494 2418 2716 2486 codice
2763 2417 3131 2484 Florentino
3177 2414 3292 2480 de-

400 2531 749 2617 scriptum,
800 2542 870 2598 ut
916 2533 1133 2599 titulus
1180 2543 1444 2600 testatur
1484 2535 1667 2601 initio
1713 2534 2066 2622 adscriptus
2112 2535 2247 2600 hic:
2303 2531 2568 2614 „Codex
2612 2533 2839 2622 Papyr.
2886 2551 3108 2598 recens
3139 2531 3295 2596 scri-

404 2656 561 2732 ptus
608 2669 688 2712 ex
751 2649 948 2714 veteri
1008 2659 1217 2715 tamen
1272 2650 1705 2737 manuscripto
1758 2647 2115 2717 Mediceo.“
2218 2647 2469 2735 Figuris
2530 2669 2792 2735 prorsus
2853 2656 3056 2720 caret,
3127 2664 3292 2732 quae

402 2785 567 2828 sane
619 2764 833 2850 quales
880 2765 1073 2851 vulgo
1131 2762 1423 2831 feruntur
1478 2766 1666 2832 etiam
1724 2766 1788 2830 in
1844 2763 2163 2831 codicibus
2209 2763 2531 2832 Parisinae
2585 2761 2878 2828 editionis
2939 2759 3288 2826 delineatae

402 2882 844 2946 inveniuntur.
907 2881 1348 2967 Maximopere
1379 2880 1601 2946 vellem
1647 2881 1843 2953 scire,
1894 2901 2045 2946 num
2075 2879 2330 2945 eaedem
2363 2877 2677 2943 similesve
2720 2877 2787 2941 in
2827 2874 2994 2941 libro
3027 2874 3286 2940 Floren-

408 2995 547 3058 tino
580 3013 839 3081 quoque
882 2995 1075 3060 insint
1118 3016 1347 3061 necne:
1396 2995 1547 3061 mihi
1594 2995 1847 3082 quidem
1896 3016 2009 3062 eae
2052 3016 2270 3061 omnes
2318 3015 2352 3058 a
2386 2991 2712 3058 Parisinae
2757 2990 3008 3057 demum
3057 2988 3285 3054 editio-

412 3111 510 3172 nis
557 3111 1007 3176 concinnatore
1055 3111 1449 3198 excogitatae
1494 3120 1557 3176 et
1600 3110 1849 3177 additae
1893 3109 2205 3177 videntur.

586 3221 895 3292 Editionis
950 3229 1047 3293 Pa
1061 3226 1355 3292 risinae
1413 3227 1789 3312 purissimus
1849 3236 1947 3292 est
2002 3237 2065 3292 et
2120 3224 2580 3290 vetustissimus
2632 3220 2778 3288 fons
2846 3220 3053 3286 codex
3109 3224 3284 3286 2442

413 3346 623 3426 (quem
670 3341 847 3406 litera
877 3340 936 3407 A
968 3340 1257 3423 notabo),
1305 3339 1851 3415 membranaceus,
1904 3341 2129 3430 „cujus
2175 3338 2408 3406 codicis
2459 3357 2604 3424 pars
2653 3335 2866 3422 major
2909 3334 3125 3401 seculo
3173 3334 3282 3400 de-

311 3489 321 3504 ·
409 3459 573 3520 cimo
620 3466 917 3522 exaratus
961 3455 1286 3530 videtur«,
1345 3466 1639 3523 accurate
1686 3467 1749 3522 et
1794 3456 2145 3524 luculenter
2188 3453 2488 3540 scriptus;
2547 3452 2702 3516 ἰῶτα
2756 3448 3279 3516 subscribendum

407 3573 469 3636 in
502 3573 639 3658 ipso
670 3571 993 3638 literarum
1026 3571 1251 3637 ordine
1280 3569 1487 3638 verbis
1517 3569 1915 3638 adscribitur.
2006 3569 2276 3658 Figuras
2309 3567 2526 3639 habet,
2577 3586 2770 3653 quae.
2817 3565 2868 3630 si
2901 3563 2980 3630 ab
3027 3565 3277 3651 exiguis

406 3687 598 3751 rebus
624 3686 933 3762 discedas,
967 3685 1373 3753 Gesnerianis
1403 3687 1758 3753 consimiles
1778 3697 1960 3752 sunt:
1998 3686 2190 3771 signis
2219 3681 2627 3772 quibusdam,
2667 3701 2943 3769 quorum
2972 3681 3275 3766 imagines

404 3803 501 3866 hic
549 3802 1008 3888 repraesentari
1062 3779 1192 3868 non
1240 3811 1533 3888 possunt,
1592 3801 1745 3867 haec
1790 3801 2054 3867 militum
2111 3821 2343 3886 genera
2391 3796 2866 3884 distinguuntur
2924 3795 3069 3882 (vid.
3117 3795 3278 3863 infra

400 3918 478 3982 ad
512 3940 563 3981 c.
601 3913 932 3996 XLv111):
981 3911 1241 3999 ὁπλίτης
1268 3911 1661 3997 κονταράτος
1690 3912 1874 3996 πεζός
1918 3953 2005 3963 --
2048 3910 2397 3998 πελταστὴς
2421 3909 2468 3998 ἢ
2498 3908 2934 4001 σφενδονήτης
2971 3906 3172 3993 ψιλός,
3195 3948 3274 3960 -

399 4032 573 4110 πεζοὶ
600 4029 756 4114 μετὰ
788 4033 1168 4118 τρικουρίων
1208 4028 1353 4116 ἤτοι
1378 4033 1718 4098 πελτασταί
1766 4071 1837 4080 -
1890 4028 2163 4116 λοχαγός
2202 4069 2273 4079 -
2325 4024 2514 4104 ψιλὸς
2543 4023 2806 4112 τοξότης
2835 4065 2918 4074 --
2960 4022 3276 4110 καβαλλά-

398 4172 535 4232 ριος
589 4151 753 4231 ταρᾶ
823 4150 883 4232 (i.
933 4169 989 4214 e.
1044 4150 1441 4232 ταραντῖνος)
1502 4185 1579 4196 —-
1650 4143 2079 4234 καβαλλάριος
2144 4141 2403 4228 τοξότης
2473 4182 2553 4192 --
2624 4139 2934 4226 eli-dome.
3049 4137 3136 4206 Ut
3190 4162 3274 4206 ex

398 4261 717 4348 unguibus
764 4263 1012 4329 leonem
1073 4273 1181 4330 aut
1242 4285 1324 4328 ex
1369 4263 1667 4330 auriculis
1722 4262 2017 4338 asellum,
2080 4263 2165 4326 ita
2215 4260 2346 4349 jam
2396 4281 2476 4326 ex
2525 4259 2646 4324 hoc
2702 4256 2913 4323 indice
2956 4255 3272 4322 hominem

398 4377 807 4464 Byzantinum
870 4379 1289 4464 agnoscimus.
1363 4415 1443 4426 --
1517 4378 1871 4445 Instructus
1938 4389 2034 4444 est
2094 4376 2304 4442 codex
2361 4372 2614 4440 scholiis
2676 4373 2825 4438 satis
2897 4371 3116 4458 amplis
3191 4367 3272 4436 ad

396 4494 738 4578 marginem
787 4492 1004 4560 eadem
1052 4515 1243 4560 manu
1290 4494 1653 4580 adscriptis,
1704 4514 1975 4582 quorum
2025 4513 2195 4579 pars,
2247 4502 2315 4556 ut
2358 4485 2996 4561 statimvidebimus,
3067 4485 3271 4550 textui

395 4607 660 4692 vulgato
704 4608 868 4674 illata
913 4619 1044 4682 est,
1090 4620 1159 4674 ut
1193 4609 1517 4697 egregium
1565 4607 1906 4676 habeamus
1951 4608 2031 4674 ad
2062 4605 2560 4696 perspiciendam
2606 4603 2833 4669 horum
2878 4599 3269 4668 additamen-

395 4735 604 4788 torum
650 4725 958 4790 rationem
1002 4724 1463 4812 adjumentum.
1566 4721 1697 4792 Sed
1745 4745 1907 4811 quae
1952 4744 2055 4788 res
2116 4722 2316 4788 multo
2363 4721 2549 4787 etiam
2609 4717 2866 4805 gravior
2913 4726 3008 4782 est
3065 4725 3128 4781 et
3171 4714 3269 4781 in-

386 4839 617 4904 dicium
674 4839 934 4925 praebet
994 4840 1554 4908 luculentissimum
1626 4837 2129 4926 interpolationis
2154 4853 2161 4858 ·
2188 4836 2385 4910 illius,
2448 4855 2570 4921 qua
2631 4832 2953 4920 posterior
3016 4829 3264 4897 Aeliani
