4400 5784
1613 802 1653 857 F
1689 805 1965 861 continet:
3084 810 3131 860 Φ
3164 808 3437 863 continet:

1085 964 1200 1015 tum
1243 960 1498 1031 emitur
1537 976 1572 1017 a
1613 977 1737 1033 cap.
1773 962 1852 1031 ll,
1879 980 1930 1035 p.
1966 960 2077 1019 532
2109 978 2160 1017 v.
2195 962 2233 1017 ⁷
2269 964 2341 1021 ab
2374 965 2491 1019 imo

1085 1060 1164 1130 τῷ
1185 1060 1294 1127 μὲν
1317 1063 1467 1131 γένει
1493 1088 1560 1100 -
1587 1075 1761 1131 usque
1789 1062 1860 1118 ad
1886 1078 1937 1133 p.
1964 1060 2072 1117 5³3
2098 1076 2151 1121 v.
2176 1060 2247 1118 16
2282 1062 2353 1119 ab
2378 1062 2491 1119 imo

1089 1186 1156 1195 -
1191 1156 1524 1223 βάλλοντες;

1085 1256 1202 1308 tum
1227 1254 1481 1324 nequitur
1515 1269 1550 1311 a
1575 1270 1696 1327 cap.
1719 1253 1851 1325 vn,
1885 1272 1942 1329 p.
1966 1254 2074 1313 539
2109 1272 2162 1313 v.
2186 1257 2258 1314 19
2281 1273 2316 1315 a
2340 1272 2489 1315 sum·

1085 1366 1178 1407 mo
1216 1350 1294 1417 ὥς
1327 1353 1706 1427 προελθόντες
1773 1385 1820 1399 -
1883 1370 2062 1429 unque
2111 1356 2184 1413 ad
2223 1370 2345 1428 cap·
2378 1354 2489 1421 lx,

1082 1465 1138 1519 p.
1171 1446 1280 1502 542
1313 1464 1366 1505 v.
1401 1448 1438 1504 3
1475 1448 1548 1507 ab
1580 1450 1694 1508 imo
1725 1482 1792 1493 —
1829 1454 2251 1529 στρατοκῆρυξς

1083 1552 1202 1601 tum
1259 1547 1515 1619 sequitur
1573 1563 1608 1605 a
1667 1564 1788 1621 cap.
1831 1549 2002 1607 xxu
2061 1567 2110 1609 v.
2157 1550 2224 1617 6,
2270 1569 2328 1624 p.
2379 1550 2488 1609 56⁴

1081 1644 1152 1697 τὰ
1182 1642 1284 1697 δύο
1318 1642 1548 1719 ἅρματα
1585 1678 1646 1687 -
1701 1664 1882 1720 usque
1932 1650 2005 1707 ad
2053 1664 2173 1721 cap.
2222 1648 2483 1713 XXVIII·

1081 1757 1137 1809 p.
1183 1740 1282 1795 571
1344 1756 1394 1796 v.
1445 1742 1504 1798 11
1575 1760 1608 1801 a
1653 1759 1878 1802 summo
1937 1776 2002 1787 --
2064 1751 2486 1823 προσαγορευό-

1079 1855 1274 1905 μενος.

2558 1948 2591 1989 a
2626 1948 2747 2007 cap.
2785 1933 3061 2003 xxvm,
3098 1952 3155 2006 p.
3182 1934 3281 1991 571
3328 1953 3381 1994 v.
3410 1938 3466 1993 11
3512 1954 3545 1992 a
3572 1952 3793 1993 summo
3818 1940 3963 2005 γίνε-

2556 2050 2651 2088 ται
2692 2028 2829 2087 ὅταν
2864 2014 2942 2073 -“
2970 2048 3149 2105 usque
3209 2036 3284 2090 ad
3337 2050 3461 2107 cap.
3517 2034 3699 2095 XLII,
3752 2050 3806 2105 p.
3853 2032 3953 2087 591

2559 2145 2611 2186 v.
2651 2128 2719 2183 12
2767 2145 2802 2187 a
2834 2146 3055 2187 summo
3104 2162 3169 2173 -—
3221 2134 3282 2186 ἐν
3322 2133 3383 2186 δὲ
3428 2136 3508 2205 τῷ
3550 2134 3785 2201 τοιούτῳ
3834 2130 3963 2198 τάγ-

1083 2318 1115 2357 a
1151 2314 1270 2373 cap.
1308 2302 1497 2371 xm,
1548 2322 1602 2376 p.
1638 2306 1738 2363 591
1783 2322 1834 2361 v.
1873 2308 1931 2367 11
1989 2322 2024 2363 a
2059 2322 2280 2365 summo
2312 2311 2377 2365 ἐν
2422 2311 2485 2363 δὲ
2556 2246 2696 2295 mu
2732 2229 2847 2285 aaa.
2884 2228 3079 2303 (mo.

1081 2400 1160 2470 τῷ
1181 2401 1422 2471 τοιούτῳ
1449 2403 1692 2473 τάγματι
1729 2432 1796 2443 -
1833 2420 2010 2476 usque
2033 2406 2105 2461 ad
2131 2420 2182 2463 v.
2206 2404 2245 2463 8
2275 2406 2348 2463 ab
2372 2407 2483 2463 imo

1082 2528 1146 2537 η
1184 2498 1556 2570 διφαλαγγία·
2557 2580 2590 2621 a
2626 2584 2679 2639 p.
2714 2566 2816 2623 59¹
2857 2584 2910 2622 v.
2944 2568 2983 2623 8
3016 2570 3091 2625 ab
3128 2569 3271 2624 imo:

2790 2664 3203 2740 Ἑῑεθὸσῐομος
3238 2666 3463 2735 φάλαγξ
3476 2708 3492 2733 ,

2556 2761 2679 2833 ἥτις
2715 2761 2836 2819 κατ’
2861 2763 3159 2835 ἐπαγωγὴν
3196 2794 3262 2803 -
3298 2778 3477 2835 usque
3514 2763 3583 2817 ad
3620 2775 3739 2831 cap.
3778 2758 3963 2823 xul.

2555 2879 2609 2933 p.
2642 2859 2752 2917 59⁸
2784 2863 2860 2919 in.

2802 2961 3008 3029 ἱππικὴ
3056 2958 3291 3026 ὥοειὸὴς
3338 2960 3434 3027 ἴλη

1079 3141 1112 3180 a
1136 3142 1257 3198 cap.
1282 3126 1456 3196 xm,
1484 3126 1662 3200 259⁸
1679 3131 1755 3185 m.
1779 3146 1959 3203 usque
1983 3132 2056 3187 aa
2083 3146 2202 3204 σοι).
2228 3131 2481 3201 vam,
2557 3078 2762 3129 “W'’
2798 3076 3017 3133 ’Μῦς
3044 3057 3223 3113 '¹²⁴⁶'
3260 3074 3418 3129 ⁶⁰⁰⁸⁹
3454 3076 3487 3109 ⁰
3519 3056 3801 3117 ''⁶⁰⁰⁶'‘oe
3838 3052 3959 3105 ²³²·

1077 3242 1130 3297 ρ.
1158 3224 1267 3281 599
1301 3240 1353 3279 v.
1391 3225 1477 3281 17.
1512 3242 1547 3282 a
1583 3242 1803 3285 summo
1850 3262 1898 3273 -
1943 3224 2407 3305 ηὐτρεπισμένα.
3900 3301 3911 3311 ,

2552 3308 3039 3379 interpolationes,
3076 3321 3221 3379 quae
3258 3312 3383 3377 post
3422 3306 3859 3379 ηὐτρεπισμνοι
3896 3314 3957 3353 ιιι

2556 3406 2605 3461 Α
2644 3406 2716 3461 ad
2752 3406 3062 3476 marginem
3099 3405 3383 3475 leguntur:
3425 3405 3536 3459 vid.
3574 3402 3730 3457 infra.

1079 3504 1110 3543 a
1147 3506 1269 3561 cap.
1310 3490 1526 3559 xux,
1562 3509 1617 3561 p.
1643 3490 1754 3547 600
1787 3494 1861 3549 in.
1901 3510 2078 3566 usque
2113 3495 2183 3550 ad
2220 3495 2407 3553 finem.

1254 3675 1342 3743 Hi
1389 3678 1584 3765 igitur
1629 3678 1880 3747 codices
1929 3718 2006 3730 —-—
2056 3679 2188 3748 AB
2213 3680 2267 3749 F
2289 3684 2340 3750 ÷
2365 3686 2429 3748 Φ
2479 3719 2553 3731 -
2606 3680 2946 3749 editionem
2974 3679 3325 3748 Parisinam
3369 3682 3773 3766 integerrime
3820 3700 3953 3745 ser—

1079 3805 1322 3860 varunt.
1437 3792 1522 3861 lis
1569 3795 2040 3864 adnumeranda
2108 3810 2204 3865 est
2261 3798 2693 3887 antiquissima
2741 3794 3061 3865 Theodori
3117 3795 3326 3863 Gazae
3387 3794 3955 3863 Thessalonicensis

1077 3910 1515 3996 interpretatio
1583 3911 1806 3986 latina.
1881 3934 2046 4001 quae
2116 3912 2399 3981 Antonio
2466 3911 2877 3981 Panormitae
2944 3910 3253 4000 Alphonsi
3320 3912 3489 3999 regis
3560 3912 3959 3997 praeceptori

1079 4022 1282 4091 dicata
1327 4026 1600 4111 primum
1648 4023 1892 4095 Romae
1941 4031 2113 4095 1487
2157 4049 2275 4117 per
2320 4026 2705 4097 Eucharium
2738 4026 2945 4097 Silher
2988 4029 3291 4115 impressa
3338 4026 3607 4114 prodiit.
3656 4037 3791 4093 tum
3822 4047 3961 4092 sae-

1079 4140 1219 4223 pius
1264 4142 1528 4227 repetita
1574 4150 1772 4231 atque
1817 4143 2008 4209 etiam
2057 4143 2122 4209 in
2171 4143 2513 4213 editionem
2562 4143 3017 4211 Gesnerianam
3064 4164 3125 4231 p.
3160 4146 3509 4209 625-643
3554 4151 3807 4229 recepta
3838 4152 3954 4207 eat.

1252 4251 1470 4321 Altera
1515 4256 1729 4324 classis
1783 4268 1880 4323 est
1928 4278 2156 4326 eorum
2188 4258 2481 4327 codicum
2503 4309 2519 4334 ‚
2567 4260 2677 4347 qui
2724 4257 3063 4324 editionem
3095 4257 3439 4324 Parisinam
3486 4255 3955 4324 definitionibus

1079 4370 1452 4458 quibusdam
1473 4423 1489 4450 ,
1561 4352 1726 4459 cuae
1785 4372 1934 4440 olim
1993 4386 2064 4441 ut
2115 4374 2182 4441 in
2227 4373 2289 4439 A
2352 4374 2432 4441 ad
2476 4374 2829 4460 marginem
2872 4372 3225 4459 adscriptae
3270 4381 3480 4452 erant,
3540 4370 3961 4459 amplificave-

1078 4497 1245 4553 runt.
1340 4484 1426 4551 Hi
1473 4496 1620 4553 sunt
1666 4488 1939 4575 primum
1985 4488 2237 4558 codices
2284 4494 2459 4557 2523
2508 4485 2611 4575 (C)
2660 4498 2724 4556 et
2766 4492 2938 4556 2525
2990 4486 3120 4573 (E),
3167 4488 3509 4564 chartacei,
3569 4488 3679 4575 qui
3724 4484 3955 4573 Angeii

1078 4598 1356 4688 Vei-getii
1401 4622 1590 4668 manu
1635 4602 1826 4670 ambo
1873 4603 2347 4691 diligentissime
2408 4615 2473 4673 et
2528 4604 2987 4691 elegantissime
3046 4604 3261 4690 scripti
3328 4612 3563 4669 tantam
3622 4602 3688 4685 in
3747 4604 3952 4669 omni-

1077 4714 1194 4783 bus
1241 4716 1433 4785 rebus
1479 4730 1543 4784 et
1575 4698 1987 4807 gravioribus
2033 4731 2096 4788 et
2143 4719 2487 4789 levioribus
2530 4720 2695 4787 inter
2740 4740 2811 4787 se
2854 4718 3085 4787 habent
3127 4717 3623 4793 similitudinem,
3674 4729 3744 4785 ut
3790 4719 3961 4806 pari-

1077 4845 1174 4899 ter
1215 4844 1406 4922 atque
1451 4832 1581 4901 duo
1627 4834 1718 4902 illi
1765 4832 1986 4903 Nonni
2034 4836 2288 4903 codices
2318 4832 2770 4911 Monacenses,
2815 4833 2895 4901 de
2924 4833 3155 4922 quibus
3198 4836 3263 4901 in
3310 4834 3704 4923 conjectann.
3748 4834 3947 4920 epicc.
