4400 5784
2155 581 2665 656 -46-

978 790 1241 840 rationem
1278 792 1603 853 exponeret,
1652 801 1988 856 consequens
2026 795 2173 852 erat,
2211 795 2268 840 ut
2303 792 2464 841 etiam
2503 789 2570 840 de
2605 789 2944 840 antistomo
2981 787 3318 852 dipbaiangia
3358 793 3642 851 praecepta
3679 789 3844 852 prius,

984 886 1051 937 de
1098 886 1513 952 amphistomo
1548 892 1833 952 praecepta
1873 887 2109 940 secundo
2144 887 2271 938 loco
2304 886 2548 939 addenda
2587 891 2818 938 curaret.
2889 885 3010 936 lam
3045 887 3112 936 ad
3149 885 3358 950 singula
3393 889 3699 938 transimus.

1188 980 1475 1048 Inscriptio
1524 985 1686 1050 vulgo
1734 985 1871 1036 baec
1920 990 2029 1037 est:
2075 982 2195 1052 περὶ
2231 980 2560 1050 περιστόμον
2595 979 2889 1050 φάλαγγος.
2964 983 3070 1034 Sed
3105 984 3161 1035 in
3200 983 3296 1037 Au
3344 984 3484 1035 i'aiso
3521 998 3708 1037 verum
3746 986 3840 1037 ad·

978 1081 1203 1132 mixtum
1242 1081 1437 1146 legitur
1473 1083 1577 1133 boc
1612 1081 1801 1133 modo:
1836 1080 2153 1146 περίστομος
2186 1079 2517 1148 διφαλαγγία
2551 1071 2672 1147 ἤτοι
2708 1073 3063 1146 ἀμφίστομος.

1186 1179 1236 1228 1.
1306 1171 1385 1230 ἐκὶ
1422 1173 1611 1244 κέρως]
1664 1181 1754 1230 Sic
1788 1179 1935 1231 Anu
1950 1193 1967 1246 ᾗ
2007 1181 2167 1245 vulgo
2204 1173 2512 1246 ἐπικαίρως.
2717 1175 2846 1246 λοξῇ
2879 1175 3194 1245 παραγωγῇ]
3231 1179 3344 1238 Sic,
3395 1179 3845 1243 quemadmodum

976 1276 1411 1341 emendaverarn,
1448 1279 1613 1328 etiam
1651 1277 1700 1329 Φ
1731 1292 1928 1343 marg.;
1968 1278 2133 1345 vulgo
2168 1272 2299 1344 λοξὴ
2334 1273 2654 1343 παραγωγή,
2693 1275 2786 1326 scd
2823 1271 2952 1340 λοξὴ
2985 1290 3074 1326 om
3110 1275 3184 1338 D?
3224 1281 3280 1326 et
3315 1276 3454 1327 baud
3493 1276 3608 1327 scio
3643 1289 3714 1326 an
3753 1277 3843 1326 bic

976 1379 1031 1424 et
1064 1374 1243 1424 statim
1292 1373 1431 1425 infra
1477 1374 1761 1426 delendum
1810 1377 1897 1428 sit.
1969 1375 2302 1442 Quamquam
2339 1381 2462 1426 ante
2497 1375 2682 1425 oculos
2733 1372 2936 1424 babere
2971 1374 3144 1439 potuit
3191 1373 3554 1437 Asclepiodoti
3593 1373 3846 1425 subtilem

977 1470 1293 1522 doctrinam.
1500 1468 1648 1539 λοξῇ]
1704 1473 1784 1523 lta
1822 1472 1871 1524 Φ
1904 1486 2074 1537 marg.
2147 1451 2321 1537 Vulgo
2352 1473 2442 1523 bic
2477 1485 2688 1537 quoqne
2719 1467 2863 1537 λοξὴ.

1184 1568 1313 1621 Post
1336 1561 1529 1634 ἔχουσα
1563 1570 1723 1635 vulgo
1760 1571 1895 1621 baec
1918 1571 2085 1621 verba
2120 1570 2417 1622 adduntnr‘:
2453 1567 2687 1621 δείκνυσι
2721 1565 2784 1620 τὸ
2809 1566 2985 1634 σχῆμα
3021 1566 3116 1634 τῆς
3152 1564 3505 1632 παρατάξεως
3540 1563 3639 1628 τὰς
3671 1563 3848 1632 ὁρμάς

975 1663 1085 1717 ταῖν
1119 1662 1525 1730 πολεμούντων,
1581 1682 1717 1732 qnae
1754 1669 1893 1719 unde
1930 1669 2246 1733 irrepserint
2279 1667 2480 1731 optime
2517 1665 2566 1718 Φ
2601 1667 2786 1731 docet,
2845 1667 2901 1717 in
2938 1679 3046 1732 quo
3092 1679 3200 1716 non
3235 1664 3408 1715 solum
3457 1665 3609 1715 rubri
3647 1665 3844 1717 coloris

976 1763 1116 1814 linea
1152 1764 1219 1814 iis
1254 1764 1579 1830 subscripta,
1615 1765 1710 1816 sed
1744 1767 1907 1816 etiam
1944 1768 2076 1818 baec
2118 1771 2244 1817 nota
2281 1765 2348 1816 ad
2372 1764 2668 1828 marginem
2703 1764 2974 1828 adscripta
3003 1768 3118 1816 est:
3155 1760 3632 1833 παρεμβεβλημὲνα
3667 1758 3843 1829 ἐκοτῆς

854 1933 863 1942 .
976 1860 1329 1927 καταγραφῆς
1361 1860 1459 1914 τοῦ
1494 1858 1780 1928 σχήματος.

1182 1959 1300 2010 Alia
1326 1959 1503 2024 glossa
1540 1960 1836 2024 explicandi
1878 1962 2125 2013 vocabuli
2160 1957 2294 2028 λοξή
2328 1963 2594 2027 gratia.in
2633 1976 2798 2027 marg.
2829 1962 2878 2013 A
2913 1964 2981 2015 ad
3018 1964 3289 2014 sinistram
3327 1962 3531 2027 figurae
3568 1975 3691 2012 cum
3717 1960 3842 2012 Ges·

976 2057 1195 2108 neriana
1231 2071 1283 2121 p.
1320 2055 1423 2107 587
1460 2060 1846 2111 consentientis
1883 2060 2151 2124 adscripta
2187 2061 2384 2124 legitur
2421 2062 2587 2111 baec:
2623 2055 2754 2125 λοξὴ
2790 2056 3003 2126 φάλαγξ
3041 2053 3346 2124 εὐώνυμος·
3383 2054 3592 2124 λέγεται
3626 2053 3686 2110 δὲ
3711 2054 3842 2124 λοξὴ

974 2147 1010 2220 ἡ
1044 2149 1285 2219 θάτερον
1322 2149 1557 2220 (θάτερα
1590 2152 1667 2224 Α)
1703 2153 1815 2208 τῶν
1838 2151 2081 2220 κεράτων
2112 2159 2226 2218 τοῖς
2249 2155 2523 2222 πολεμίοις
2557 2151 3003 2223 προσαρμόζουσα
3037 2155 3129 2209 καὶ
3153 2151 3225 2210 δι’
3261 2150 3434 2209 αὐτοῦ
3467 2151 3845 2222 ἀγωνιζομένη,

971 2247 1035 2303 τὸ
1072 2245 1133 2303 δὲ
1166 2245 1349 2316 ἕτερον
1383 2251 1570 2318 μικρὸν
1590 2245 1992 2306 daonium«.
2066 2255 2260 2306 Eadem
2299 2254 2423 2304 inde
2448 2268 2477 2305 a
2504 2256 2687 2306 verbis
2709 2251 2911 2320 λέγεται
2946 2251 3075 2321 λοξὴ
3113 2248 3150 2320 ἤ
3171 2262 3275 2307 etc.
3313 2257 3476 2306 etiam
3509 2256 3560 2305 in
3600 2253 3649 2305 Φ
3675 2267 3840 2316 marg.

976 2350 1015 2398 B
1052 2364 1220 2415 marg.
1256 2351 1463 2416 adjecta
1502 2355 1601 2402 est.
1670 2352 2001 2403 Novimus
2054 2359 2127 2403 et
2160 2353 2278 2417 qui
2335 2348 2430 2404 tei
2483 2379 2550 2388 —
2599 2353 2714 2402 vid.
2752 2353 2867 2405 Ael.
2905 2365 2955 2403 c.
2995 2351 3162 2406 XXX.
3239 2354 3298 2403 In
3335 2353 3381 2404 1)
3420 2366 3552 2403 vero
3590 2351 3644 2402 in
3671 2363 3843 2402 vacuo

974 2447 1175 2512 figurae
1214 2448 1423 2500 mediae
1473 2449 1647 2514 spatio
1703 2449 1807 2500 boc
1842 2450 2002 2500 modo
2038 2450 2319 2501 scribitur=
2373 2446 2692 2514 περίστομος
2725 2445 2974 2514 φάλαγξ,
3005 2447 3114 2500 τῶν
3148 2445 3396 2514 κεράτων
3430 2449 3544 2508 τοῖς
3574 2443 3848 2512 πολεμίοις

982 2573 1043 2582 —·
1068 2538 1142 2596 δι’
1178 2537 1347 2612 αὐτῆς
1392 2577 1439 2588 -
1486 2539 1843 2598 ὕποστέλονσα
1879 2543 2055 2612 (sici).
2124 2547 2206 2598 En
2232 2547 2560 2598 luculentum
2580 2547 2912 2611 exemplum,
2950 2548 3219 2611 quomodo
3251 2548 3305 2597 in
3335 2547 3420 2598 bis
3445 2546 3718 2598 turbatum
3744 2540 3842 2594 siti

1184 2646 1235 2694 2.
1303 2643 1407 2708 γάρ
1441 2636 1499 2709 ἡ]
1556 2644 1646 2694 Sic
1682 2647 1757 2706 Α;
1794 2636 1833 2708 ἡ
1866 2645 1983 2694 sine
2014 2645 2117 2710 γὰρ
2152 2645 2344 2708 vulgo:
2383 2639 2484 2710 γὰρ
2519 2645 2641 2695 sine
2675 2636 2712 2709 ἡ
2749 2642 2814 2694 Φ.
3023 2637 3392 2710 ἐστράφησαν]
3450 2642 3616 2707 Vulgo
3651 2635 3844 2710 ἐβάρη-

973 2751 1106 2804 σαν;
1145 2743 1399 2792 Arcerins
1436 2742 1673 2806 conjecit
1706 2735 1975 2810 ἑβάδισαν.
2185 2735 2542 2810 άμφίστομος]
2599 2741 2770 2805 Vulgo
2805 2739 3141 2806 περίστομος.

1184 2911 1291 2962 XL.
1360 2911 1477 2964 Non
1514 2912 1709 2963 mirum
1746 2914 1829 2962 est
1887 2913 1977 2963 bic
2012 2925 2224 2976 quoque
2275 2925 2382 2962 non
2423 2911 2904 2974 consarcinatoris,
2962 2912 3058 2962 sed
3093 2909 3468 2971 librariorum,
3513 2916 3573 2961 ut
3612 2907 3842 2970 videtur,

922 2979 933 2998 ι
976 3006 1129 3074 culpa
1168 3010 1353 3061 turbas
1390 3010 1608 3060 obortas
1644 3021 1779 3060 esse.
1865 3008 2029 3072 Vulgo
2066 3009 2252 3060 titulus
2287 3013 2368 3060 est
2420 3006 2538 3072 περὶ
2577 3006 2938 3075 διφαλαγγίας
2971 3001 3318 3075 α’μφιστόμου
3364 3013 3420 3059 et
3453 3009 3610 3058 initio
3646 3007 3842 3070 capitis

976 3102 1317 3174 ἀμφίστομος
1348 3103 1677 3172 διφαλαγγία
1712 3106 1925 3171 legitur.
2001 3107 2105 3157 Sed
2138 3107 2352 3158 titulum
2389 3107 2592 3159 omittit
2626 3108 2699 3171 A,
2738 3120 2927 3160 verum
2963 3103 3086 3171 περὶ
3122 3099 3446 3170 άντιστόμον
3480 3102 3846 3171 διφαλαγγίας

978 3205 1141 3256 babet
1174 3204 1235 3267 Ε,
1273 3217 1436 3269 porro
1470 3202 1655 3269 πεζικὴ
1691 3200 1907 3269 φάλαγξ
1942 3195 2282 3270 α’μφίστομος
2314 3205 2390 3263 D.
2443 3205 2536 3269 qui
2571 3209 2752 3256 umen
2790 3208 2846 3256 et
2879 3205 2996 3270 ipse
3032 3210 3090 3255 ut
3135 3201 3244 3256 An
3281 3204 3436 3254 initio
3474 3203 3639 3254 babet
3693 3194 3842 3252 άντί-

975 3314 1168 3367 στομος
1202 3299 1570 3368 διφαλαγγία5
1609 3302 1715 3352 boc
1754 3303 1809 3351 in
1845 3301 1895 3352 fl
1930 3300 2070 3353 tituli
2110 3303 2228 3352 vice
2265 3302 2516 3366 fungitur.
2590 3303 2699 3353 Res
2738 3303 2854 3366 ipsa
2890 3309 3040 3354 extra
3075 3314 3289 3353 omnem
3325 3301 3710 3352 dubitationem
3751 3313 3846 3364 po-

976 3400 1111 3450 sita=
1165 3399 1517 3462 interpolator
1566 3399 1750 3462 paucis
1797 3399 2014 3450 mutatis
2061 3398 2372 3450 Aelianeam
2409 3400 2773 3452 definitionem
2812 3401 3048 3452 retinuit.
3139 3399 3244 3452 Sed
3280 3398 3421 3464 quod
3469 3397 3686 3462 scripsit
3723 3393 3844 3456 τοὺς

974 3491 1242 3564 ἡγεμόνας
1292 3489 1523 3549 οὐκέτι
1570 3488 1761 3555 ἐκτὸς
1808 3488 1882 3545 ἐν
1929 3498 2410 3562 παραγωγαῖς,
2457 3490 2567 3548 ἀλλ’
2603 3490 2752 3558 ἐντὸς
2784 3491 2917 3564 ἔχει,
2972 3497 3024 3548 id
3062 3502 3168 3548 tam
3205 3501 3388 3561 aperte
3423 3496 3489 3546 ad
3529 3507 3679 3546 suam
3717 3508 3833 3544 am-

970 3595 1225 3660 pbistomi
1261 3593 1631 3658 dipbalangiae
1669 3592 2069 3650 definitionem,
2104 3607 2266 3659 quam
2300 3595 2463 3646 modo
2503 3595 2818 3650 babuimus.
2853 3593 3082 3660 alludit,
3114 3599 3174 3644 ut
3206 3594 3366 3645 etiam
3406 3593 3532 3643 binc
3567 3591 3706 3643 baud
3751 3593 3836 3642 in·

973 3691 1209 3743 validum
1242 3692 1536 3743 babeamus
1570 3697 1787 3742 nostrae
1824 3691 2253 3760 transpositionis
2289 3697 2681 3756 argumentum.

1185 3791 1234 3841 3.
1305 3787 1401 3842 τοῦ
1437 3783 1694 3858 τάραχον]
1732 3785 1967 3853 τάραχον
2003 3788 2191 3853 vulgo,
2229 3784 2465 3855 τάραχον
2501 3786 2564 3840 τὸ
2597 3783 2744 3858 (wel
2780 3784 2904 3859 τεσ)
2944 3787 3007 3839 Φ.

1180 3889 1231 3938 5.
1302 3883 1479 3952 κενὴν]
1519 3882 1714 3970 καινὴν
1749 3885 1827 3948 Α,
1863 3882 1955 3938 καὶ
1988 3883 2087 3937 νῦν
2123 3884 2191 3938 Φ.

1184 3984 1234 4035 6.
1308 3982 1687 4049 σννεργῶνται]
1733 3981 2115 4049 συνειργῶνται
2150 3984 2327 4048 vulgo,
2361 3977 2670 4049 συνέργοντε
2706 3983 2751 4035 Α
2769 4021 2784 4048 ,
2821 3979 3167 4049 σονέργονται
3202 3983 3264 4035 Φ.
3479 3975 3835 4050 σννεισιὸντα]

974 4079 1227 4135 συνιόντα
1263 4082 1322 4134 E.

1183 4258 1346 4310 XLII.
1414 4259 1587 4311 Etiam
1623 4259 1729 4310 boc
1766 4265 1925 4325 caput
1960 4261 2193 4323 pessime
2228 4260 2472 4311 habitum
2509 4266 2624 4327 σου
2679 4273 2803 4312 nam
2839 4267 2895 4311 et
2927 4260 3231 4312 necessaria
3283 4257 3480 4308 omissa
3533 4263 3588 4310 et
3623 4256 3834 4308 diversa

975 4357 1114 4406 inter
1149 4369 1208 4408 se
1244 4357 1505 4421 permixta
1541 4363 1682 4408 sunt.
1752 4357 1914 4409 Initio
1955 4368 2095 4422 qnae
2131 4357 2329 4422 iegitur
2362 4358 2450 4425 pb
2471 4359 2767 4422 alangis
2806 4357 3192 4410 bomoeostomi
3231 4355 3495 4412 definitio,
3549 4367 3669 4407 eam
3705 4369 3832 4406 con·

975 4453 1275 4506 sarcinator
1310 4453 1378 4505 de
1400 4468 1496 4506 suo
1520 4455 1700 4518 finxit,
1742 4468 1863 4505 cnm
1890 4456 1945 4505 in
1970 4455 2216 4520 genuinis
2239 4456 2510 4506 Aelianeis
2548 4456 2744 4506 frustra
2769 4468 2888 4507 eam
2910 4457 3210 4520 quaereret.
3283 4455 3386 4506 Ubi
3421 4467 3520 4505 cnr
3559 4466 3666 4504 non
3693 4465 3838 4504 com·

975 4555 1269 4604 memorata
1308 4553 1404 4609 sit,
1452 4565 1611 4616 supra
1648 4568 1699 4617 p.
1730 4552 1799 4602 32
1836 4553 2083 4603 diximus.
2154 4553 2352 4604 Contra
2387 4566 2548 4619 quam
2583 4555 2754 4604 aciem
2791 4559 2848 4604 nt
2882 4553 3108 4618 plintbio
3144 4551 3446 4617 oppositam
3481 4549 3839 4614 interpolator

971 4654 1257 4713 posuerat,
1295 4661 1411 4700 eam
1448 4663 1480 4700 e
1516 4651 1827 4714 conjectura
1863 4649 2257 4715 supplevimus,
2295 4651 2384 4701 cni
2418 4650 2710 4703 firmandae
2743 4652 2976 4716 primum
3013 4651 3272 4702 inserviat
3319 4661 3397 4715 pe
3415 4649 3473 4699 ri
3497 4649 3660 4700 stomi
3703 4648 3832 4711 pba-

972 4745 1145 4810 langis
1167 4746 1397 4797 obscura
1420 4747 1677 4798 memoria
1696 4784 1712 4810 ‚
1752 4761 1911 4812 qnam
1936 4761 2000 4800 ex
2026 4749 2201 4813 capite
2225 4748 2347 4799 XLI
2383 4749 2826 4799 consarcinatoris
2853 4748 3078 4799 arbitrio
3115 4749 3218 4798 boc
3241 4753 3482 4799 nostrum
3517 4759 3833 4813 praegresso

973 4848 1121 4894 recte
1156 4845 1314 4896 nobis
1351 4845 1601 4896 videmur
1636 4845 1944 4906 sustulisse,
1980 4845 2175 4898 deinde
2211 4845 2354 4911 ipsa,
2407 4859 2566 4911 quam
2601 4846 2694 4898 iiie
2727 4846 2946 4912 quidem
2979 4846 3234 4911 magister
3270 4845 3642 4909 desiderabat,
3699 4845 3836 4908 plin·
