4400 5784
1711 598 2230 720 5-47—

546 805 659 856 thio
696 805 1010 855 adversaria
1049 806 1205 856 ratio.
1300 803 1453 867 Quod
1490 804 1773 871 plinthium
1810 820 1932 857 cum
1971 811 2161 859 contra
2200 807 2380 858 hostes
2419 804 2772 870 undecunque
2809 801 3148 856 imminentes
3183 808 3412 870 quatuor

543 902 709 952 latera
746 903 983 967 graviter
1018 907 1347 953 armatorum
1385 902 1654 954 frontibus
1690 903 1956 962 firmaret,
1994 905 2045 954 ei
2082 903 2352 954 contraria
2389 917 2496 956 non
2535 903 2638 953 alia
2676 907 2887 967 poterat
2923 902 3214 966 excogitari
3245 903 3424 964 acies,·

544 999 647 1049 nisi
686 1012 823 1063 quse
858 1004 913 1050 et
950 1001 1064 1063 ipsa
1101 999 1377 1063 quaternis
1414 1000 1655 1052 adversis
1680 1001 1950 1052 frontibus
1985 1002 2051 1051 ab
2092 1002 2238 1052 omni
2275 1005 2428 1065 parte
2465 1002 2744 1053 incursura
2781 1003 2833 1050 et
2855 999 3090 1049 medium
3125 998 3411 1063 plinthium

544 1097 783 1162 undique
820 1110 1135 1162 aggressura
1173 1096 1467 1149 videretur.
1539 1099 1611 1149 Ea
1638 1100 1781 1150 acies
1823 1099 1949 1163 quin
1989 1105 2137 1150 recte
2172 1099 2407 1162 potuerit
2441 1095 2756 1162 περίστομος
2789 1097 2927 1160 dici,
2965 1097 3164 1148 nemini
3191 1096 3410 1147 duhinm

542 1195 675 1252 erit,
712 1207 1031 1260 quamquam
1066 1209 1153 1246 me
1190 1208 1297 1246 non
1336 1197 1465 1247 latet
1501 1209 1720 1260 prorsus
1758 1195 1917 1246 aliam
1954 1209 2075 1247 esse
2110 1196 2478 1260 Asclepiodoti
2515 1196 2550 1245 i.
2573 1209 2620 1246 c.
2658 1203 2694 1261 3
2719 1195 2752 1246 6
2787 1195 3136 1252 sententiam,
3171 1195 3409 1259 quicum

544 1291 677 1342 dicit
710 1285 821 1342 ἔστι
866 1285 917 1343 δ’
952 1281 1043 1344 ὅτε
1091 1288 1184 1343 καὶ
1232 1291 1551 1363 τετραμερίᾳ
1600 1287 1929 1355 πορεύονται
1972 1289 2113 1344 κατὰ
2145 1287 2431 1358 ἀποτομὰς
2463 1287 2816 1358 πανταχόθεν
2861 1287 3253 1358 φυλαττόμενοι
3284 1287 3412 1350 τοὺς

542 1389 825 1453 πολεμίως
841 1426 856 1452 ,
912 1388 1001 1441 καὶ
1037 1388 1237 1455 γίνεται
1272 1381 1662 1454 τετράπλευρον
1694 1388 2017 1456 περίστομον
2031 1429 2047 1455 ,
2100 1384 2222 1444 τοτὲ
2270 1385 2370 1456 μὲν
2403 1385 2720 1456 ἑτερόμηκες
2734 1426 2750 1451 ,
2802 1383 2920 1441 τοτὲ
2968 1383 3030 1441 δὲ
3061 1384 3411 1453 τετράγωνον,

544 1483 895 1552 πανταχόθεν
931 1481 1051 1554 ἔχον
1088 1483 1355 1552 στόματα,
1393 1493 1540 1552 patet
1576 1492 1634 1538 ut
1667 1488 1881 1552 generis
1918 1488 2196 1552 peristomi
2245 1489 2453 1553 species
2491 1489 2623 1540 duas
2667 1488 2858 1553 piaesii
2904 1488 3070 1551 ipsius
3106 1493 3160 1538 et
3196 1487 3410 1552 plinthii

544 1583 779 1648 formas,
820 1598 1048 1649 quarum
1088 1586 1305 1637 nomina
1343 1597 1567 1649 prorsus
1604 1584 1696 1636 ille
1735 1569 1975 1650 ignorat.
2016 1586 2083 1636 ab
2120 1600 2185 1639 eo
2221 1586 2474 1638 describi.
2570 1587 2768 1638 Verum
2804 1587 2911 1636 hoc
2947 1586 3122 1651 ipsum
3161 1585 3214 1635 in
3251 1597 3410 1634 causa

542 1681 711 1732 fuisse
745 1683 997 1746 videtur,
1034 1689 1093 1734 ut
1131 1685 1300 1734 honus
1338 1683 1452 1748 vir,
1490 1684 1577 1732 cui
1603 1683 1738 1735 nihil
1766 1685 2049 1735 suholehat
2076 1685 2363 1749 plinthium
2389 1683 2701 1735 Aelianenm
2743 1685 2886 1735 idem
2923 1695 3045 1734 esse
3081 1696 3204 1734 cum
3241 1683 3410 1734 altera

544 1781 821 1842 peristomi
845 1779 1245 1845 Asclepiodotei
1284 1780 1462 1844 specie
1481 1817 1497 1842 ,
1537 1781 1696 1831 amho
1733 1795 1837 1832 uon
1876 1783 2088 1833 diversa
2124 1781 2328 1834 tantum
2363 1783 2456 1833 sed
2493 1782 2679 1839 etiam,
2719 1783 2764 1832 si
2801 1781 2912 1833 Diis
2950 1781 3154 1844 placet,
3189 1793 3410 1844 prorsus

545 1877 857 1928 adversaria
892 1877 1106 1942 agmina
1145 1879 1199 1928 in
1236 1890 1385 1928 snam
1423 1878 1764 1928 chartaceum
1790 1879 2110 1931 transferret
2144 1880 2408 1932 militiam.
2482 1879 2848 1945 supplementi
2883 1879 3116 1944 quidem,
3151 1877 3292 1943 quod
3330 1879 3406 1928 in·

542 1975 717 2031 serui,
768 1974 976 2039 singula
1024 1975 1191 2026 verba
1244 1976 1462 2025 minime
1512 1974 1786 2041 spondeo,
1821 1984 2001 2028 tamen
2038 1990 2125 2028 me
2158 1990 2267 2028 non
2305 1977 2464 2028 nimis
2521 1990 2554 2027 a
2592 1989 2721 2027 vero
2771 1977 3052 2028 aberrasse
3087 1975 3406 2042 putaverim,

541 2073 737 2137 quippe
772 2072 863 2137 qui
898 2073 953 2121 in
992 2073 1325 2123 restaurandi
1362 2072 1604 2136 periculo
1660 2079 1713 2124 et
1748 2074 2117 2138 Asclepiodoti
2154 2075 2446 2127 verborum
2483 2075 2641 2126 modo
2677 2074 3076 2138 adscriptorum
3128 2079 3184 2123 et
3218 2072 3404 2124 dessni-

538 2171 729 2231 tionis,
768 2183 905 2234 quae
942 2169 1057 2222 XL}
1080 2205 1095 2227 ‚
1129 2169 1165 2218 2
1200 2176 1333 2221 extr.
1369 2170 1437 2220 cle
1475 2170 1738 2235 phalange
1776 2173 2208 2236 amphistomo
2243 2173 2464 2237 legitur,
2505 2171 2788 2222 habuerim
2826 2171 3105 2222 rationem.
3176 2171 3294 2222 lam
3336 2171 3405 2222 de

540 2267 761 2331 singulis
798 2267 1100 2318 videamus:
1884 2332 1892 2341 Ι

751 2364 1307 2428 inscriptionem
1346 2365 1516 2429 ipsam
1552 2379 1618 2416 ex
1654 2366 1775 2418 XLI
1810 2366 1917 2417 huc
1952 2367 2338 2419 transtulimus.
2411 2367 2583 2432 Vulgo
2617 2367 2708 2418 hic
2744 2366 2962 2432 quidem
2999 2367 3226 2431 legitur:
3284 2360 3407 2432 περὶ
3433 2381 3446 2394 ·

539 2455 897 2525 ὁμοιοστόμου
931 2456 1205 2527 φάλαγγος
1238 2458 1334 2512 καὶ
1368 2460 1652 2528 πλινθίου,
1709 2477 1807 2528 pro
1843 2478 1949 2529 quo
2003 2467 2057 2516 in
2098 2463 2199 2516 Al)
2235 2469 2440 2516 tantum
2477 2457 2836 2530 ὁμοιόστομος
2869 2458 3082 2530 φάλαγξ
3116 2465 3403 2515 invenitur.

742 2623 865 2688 Ad
908 2625 994 2689 C·
1084 2639 1225 2692 xui
1247 2677 1262 2704 ‚
1302 2644 1351 2691 t.
1436 2641 1539 2705 Qui
1588 2642 1867 2707 phalangis
1914 2643 2308 2695 homoeostomi
2357 2642 2654 2696 definitioni
2709 2643 2943 2708 aliquem
3003 2648 3150 2695 certe
3185 2642 3406 2694 subesse

537 2751 751 2788 sensum
780 2738 891 2788 sihi
930 2739 1285 2803 persuaserit,
1324 2739 1369 2788 is
1407 2751 1611 2798 meam,
1646 2739 1866 2805 opinor,
1904 2738 2157 2804 prohahit
2178 2739 2638 2806 emendationem,
2678 2753 2784 2805 qua
2818 2737 2962 2790 κατὰ
2997 2737 3238 2806 πλαγίων
3272 2740 3406 2790 scri·-

536 2837 647 2899 psi,
683 2848 783 2900 pro
818 2848 927 2901 qno
966 2835 1125 2899 vulgo
1160 2827 1275 2885 κατ’
1312 2827 1513 2893 αὐτῶν,
1549 2837 1607 2886 in
1646 2835 1695 2887 Φ
1716 2850 1887 2902 marg.
1921 2840 1976 2888 et
2012 2837 2065 2887 in
2103 2837 2149 2886 Δ
2187 2837 2538 2905 suprascript.
2574 2830 2692 2889 κατ’
2727 2830 2941 2902 ἐχθροῖν
2977 2837 3188 2902 legitur.
3260 2835 3406 2899 Quo·

537 2946 658 2983 rum
695 2937 938 2983 neutrum
976 2932 1108 2983 ferri
1146 2945 1304 2996 posse
1340 2937 1501 2996 patet.
1575 2932 1652 2983 Ex
1676 2938 1859 2984 nostra
1895 2946 2026 2984 vero
2063 2935 2326 2986 sententia
2353 2934 2767 2999 descriptionem
2791 2934 3052 2986 hahemus
3087 2939 3236 2986 certe
3260 2934 3404 2985 haud

539 3031 825 3081 absurdam
841 3067 859 3094 ‚
896 3043 1033 3094 quae
1070 3030 1321 3094 phalangi
1358 3031 1621 3082 convenit.
1644 3036 1736 3082 aut
1772 3031 1827 3081 in
1853 3031 2041 3082 dextra
2076 3037 2169 3082 aut
2205 3032 2261 3082 in
2287 3031 2504 3083 sinistra
2542 3044 2806 3097 paragoga
2843 3031 2948 3083 iter
2969 3031 3205 3095 facienti,
3244 3043 3403 3097 quam

539 3128 761 3179 eandem
798 3141 920 3178 esse
958 3142 1081 3179 cum
1104 3129 1369 3193 phalange
1393 3129 1803 3181 homoeostomo
1832 3142 1993 3194 supra
2016 3129 2266 3180 vidimus.
2477 3128 2650 3181 Verba
2673 3123 2945 3181 τουτέστιν
2990 3158 3038 3171 -
3086 3125 3156 3193 ις’
3193 3129 3405 3180 uncinis

538 3227 757 3277 inclusi:
794 3226 902 3277 vid.
926 3225 1324 3278 adnotationem
1344 3224 1413 3280 ad
1435 3228 1471 3286 8
1493 3226 1544 3275 4.
1698 3217 1921 3294 ὁμοίως]
1960 3215 2149 3289 ’όμοιος
2171 3225 2221 3277 Φ
2239 3239 2407 3290 marg.
2563 3218 2730 3295 αὕτῷ]
2767 3226 2929 3292 vulgo
2951 3219 3117 3294 αὐτῆς
3155 3220 3322 3294 αὐτῆς
3337 3227 3403 3278 Ι).

740 3402 865 3468 Ad
905 3407 1001 3468 B·
1091 3418 1267 3483 1211,
1302 3421 1353 3472 2.
1435 3415 1539 3485 ἔχει
1574 3433 1662 3472 om
1699 3421 1759 3473 E.

744 3515 795 3570 3.
865 3511 1259 3593 σφενδονήτας]
1298 3518 1459 3583 vulgo
1492 3514 1879 3584 σφενδονίτσνς
1916 3519 1961 3568 Α
1996 3513 2401 3583 σφενδονίστον.

739 3679 862 3741 Ad
904 3681 1001 3742 A.
1091 3692 1261 3757 XLII,
1300 3697 1352 3744 5.
1424 3693 1601 3746 Verba
1639 3687 1996 3759 ὁμοιόστομος
2018 3689 2350 3759 διφαλαγγία
2385 3692 2540 3744 initio
2576 3693 2732 3744 intuli
2769 3706 2830 3745 ex
2869 3694 3008 3756 ΑΗς
3046 3701 3232 3747 contra
3259 3709 3399 3761 quae

535 3790 696 3856 vulgo
733 3795 855 3854 post
889 3783 1150 3862 εὐωνύμῳ
1184 3796 1423 3843 extrema
1457 3791 1708 3855 leguntur
1740 3786 1863 3843 τότε
1885 3784 2091 3855 λέγεται
2112 3783 2470 3855 ὁμοιόστομος
2491 3787 2852 3857 διφαλαγγία,
2890 3791 3062 3844 omisi.
3244 3782 3400 3858 ὅταν]

530 3890 611 3939 Ita
648 3901 712 3940 ex
748 3888 795 3939 A
832 3886 1059 3953 scrips13
1093 3889 1257 3953 vulgo
1294 3878 1429 3941 ὅταν
1464 3875 1580 3940 οὖν.
1792 3881 1999 3957 ἔχωσιν]
2040 3881 2248 3953 ἔχουσιν
2284 3887 2347 3939 Α.

742 3986 795 4037 6.
866 3979 1213 4051 ἑτερόστομος
1249 3982 1466 4052 φάλαγξ
1480 4019 1495 4043 ,
1530 3998 1667 4051 quae
1690 3985 1973 4052 inscriptio
2010 3985 2172 4050 vulgo
2197 3984 2378 4050 deest,
2418 3990 2480 4038 ut
2513 3987 2698 4040 omnia
2733 3999 2872 4052 quae
2905 3992 3202 4053 sequuntur
3237 3990 3400 4041 etiam

534 4085 601 4134 ad
636 4084 1101 4135 homoeostomum
1139 4083 1459 4149 phalangem
1493 4083 1779 4135 falsissime
1816 4083 2121 4136 referantur
2144 4119 2162 4148 ,
2193 4083 2372 4134 addidi
2411 4097 2477 4134 ex
2512 4082 2559 4133 A
2579 4082 2645 4134 Β.
2871 4076 2947 4145 ὥς
2983 4079 3146 4155 εἰκός]
3201 4086 3400 4139 Mirum

533 4182 622 4234 hic
657 4182 918 4232 hahemus
954 4181 1176 4233 criticae
1194 4219 1209 4244 ,
1263 4194 1425 4246 qnam
1460 4180 1814 4232 exercendam
1850 4160 1956 4232 sihi
1992 4181 2199 4245 putavit
2237 4182 2643 4232 consarcinator
2659 4217 2675 4239 ,
2732 4183 3021 4246 specimen.
3107 4184 3243 4238 Nam
3279 4198 3400 4236 cum

536 4279 695 4343 vulgo
731 4278 1015 4331 doceretur
1051 4277 1330 4344 phalangis
1366 4278 1718 4330 heierostomi
1753 4291 1925 4330 cornu
1960 4278 2281 4348 antecedens
2318 4279 2374 4330 in
2411 4278 2734 4344 sinistra,
2769 4291 2939 4332 cornu
2975 4280 3307 4347 subsequens
3345 4283 3402 4334 in

537 4376 569 4426 d
588 4381 781 4427 extra
816 4388 1084 4442 paragoga
1112 4375 1363 4440 progredi
1393 4401 1439 4416 -
1471 4375 1610 4441 quod
1639 4388 1737 4426 cur
1762 4373 1963 4426 iactum
1986 4375 2087 4438 sit,
2126 4387 2287 4440 supra
2311 4389 2368 4440 p.
2385 4373 2452 4427 ³3
2477 4375 2859 4440 explicavimus
2906 4406 2955 4420 -
2981 4413 2998 4442 ,
3031 4379 3168 4430 haec
3186 4381 3402 4444 quidem

535 4473 799 4540 doctrina,
814 4486 937 4526 meo
974 4474 1181 4526 homini
1218 4471 1447 4525 offensui
1484 4478 1601 4525 erat
1617 4508 1633 4531 ,
1671 4473 1869 4537 quippe
1908 4472 1997 4538 qui
2034 4472 2296 4524 honorem
2331 4472 2752 4539 primariumque
2787 4474 2970 4526 locum
3007 4477 3186 4540 potius
3223 4477 3408 4530 dextri

534 4582 705 4622 cornu
741 4582 858 4622 esse
892 4571 1241 4622 meminisset.
1330 4569 1470 4621 Hinc
1514 4570 1734 4621 mutatis
1770 4569 2037 4621 frontibus
2088 4569 2238 4634 prius
2273 4583 2464 4636 agmen
2520 4597 2584 4607 —
2631 4571 2841 4623 scilicet
2890 4564 2966 4632 uic
2997 4568 3168 4636 εἰκόςῐ
3225 4599 3286 4612 -
3345 4577 3403 4627 in

532 4668 717 4718 dextra
732 4701 748 4724 ,
784 4679 1013 4732 sequens
1050 4669 1107 4719 in
1142 4669 1360 4720 sinistra
1398 4679 1663 4733 paragoga
1700 4668 1805 4718 iter
1840 4667 2023 4718 iacere
2051 4667 2236 4731 jussit.

740 4763 847 4816 Sed
897 4760 1005 4816 alio
1049 4767 1214 4817 etiam
1254 4766 1445 4826 modo,
1494 4765 1541 4816 si
1576 4764 1793 4831 quidem
1841 4765 2021 4815 omnia
2036 4799 2052 4824 ,
2105 4777 2244 4829 quae
2280 4777 2424 4816 nunc
2458 4765 2709 4830 leguntur
2724 4802 2739 4826 ,
2786 4768 2955 4819 verba
2990 4769 3231 4835 ejusdem
3277 4777 3402 4823 sunt

530 4865 1011 4932 consarcinatoris,
1048 4865 1195 4918 iliam
1231 4864 1582 4918 heterostomi
1618 4861 1901 4928 phalangis
1940 4861 2244 4914 doctrinam
2281 4862 2610 4918 immutavit=
2663 4875 2838 4930 neque
2871 4866 3016 4918 enim
3051 4868 3160 4921 duo
3193 4873 3399 4922 tantum
