4400 5784
2234 574 2741 645 -36-

1061 802 1277 848 sorum
1323 792 1654 851 auctorum
1701 778 1974 847 foetibus
2019 779 2287 849 conflata
2332 744 2486 860 sint,
2544 776 2990 847 demonstrabo
3034 779 3150 858 ita,
3216 787 3285 845 ut
3328 777 3430 843 illa
3474 787 3758 864 separata
3803 796 3925 863 pro

1066 897 1309 963 diversa
1355 895 1748 983 singulorum
1796 906 2014 963 natura
2061 918 2099 961 e
2143 896 2407 981 regione
2452 915 2849 982 componam.
2962 894 3254 983 Separari
3298 906 3509 960 autem
3554 903 3617 958 et
3664 902 3929 981 possunt

917 1012 925 1021 ‘
1058 1022 1120 1077 et
1159 1010 1391 1077 debent
1435 1031 1561 1077 non
1594 1012 1800 1077 minus
1847 1011 2192 1100 quinque
2238 1011 2523 1078 classes
2570 1009 2853 1078 diversae
2898 1020 2963 1076 et
3008 1009 3267 1097 originis
3316 1020 3378 1075 et
3422 1007 3667 1075 indolis.
3762 1006 3927 1075 Sunt

1060 1148 1214 1192 vero
1261 1128 1410 1193 bae:

1240 1241 1480 1327 prima
1527 1242 1796 1325 genuina
1841 1242 2118 1307 continet
2163 1240 2471 1309 Aeliani
2515 1240 2737 1323 verba,
2784 1262 2948 1329 quae
2995 1240 3185 1307 veluti
3234 1242 3401 1322 „rari
3432 1250 3653 1305 nantes
3684 1240 3749 1303 in
3780 1258 3929 1324 gur-

1055 1362 1182 1443 gite
1253 1361 1468 1421 vasto«
1541 1355 1828 1441 naufragi
1885 1358 2439 1444 interpolationum
2502 1355 2797 1423 fluctibus
2857 1354 3326 1423 obruebantur:
3396 1355 3782 1442 comparanti
3852 1374 3929 1418 ea

1057 1492 1201 1537 cum
1242 1472 1432 1557 pleno
1481 1483 1660 1538 textu
1705 1492 1893 1558 supra
1937 1471 2219 1539 exhibito
2265 1493 2391 1537 nou
2446 1472 2709 1537 multum
2756 1462 3117 1538 mutationis
3162 1492 3339 1559 passa
3386 1492 3523 1537 esse
3566 1467 3929 1559 apparebit;

1057 1586 1234 1652 litera
1278 1588 1336 1652 A
1385 1586 1710 1673 insignivi,
1757 1608 2173 1675 quaecunque
2218 1609 2301 1652 ex
2345 1598 2705 1654 ceterorum
2751 1585 3071 1671 farragine
3126 1586 3466 1653 commode
3510 1584 3702 1653 eximi
3748 1595 3929 1671 pote-

1057 1711 1234 1781 rant;
1305 1722 1472 1789 quae
1519 1702 1576 1768 ei
1641 1714 1714 1767 ut
1773 1701 1955 1769 nimis
2006 1702 2307 1789 implicita
2364 1700 2775 1789 relinquenda
2832 1712 3043 1778 erant,
3106 1699 3457 1790 majoribus
3516 1701 3714 1767 literis
3768 1701 3928 1767 scri-

1059 1815 1260 1882 benda
1306 1817 1544 1884 curavi.
2418 1908 2423 1913 ⁸

1231 1933 1524 2011 altera,
1573 1953 1760 2021 quam
1804 1932 1978 1999 litera
2023 1930 2077 1997 B
2123 1935 2367 2007 notavi,
2418 1930 3021 2019 interpolatoris
3068 1943 3315 1999 estnon
3350 1929 3618 2005 indocti,
3664 1930 3775 2018 qui
3816 1948 3932 2017 po—

1059 2048 1289 2112 tiorum
1321 2048 1640 2135 agminum
1683 2047 1761 2114 ab
1791 2044 2058 2113 Aeliano
2093 2046 2553 2134 descriptorum
2586 2068 2769 2113 usum
2801 2046 3251 2135 explicandum
3280 2046 3398 2114 sibi
3440 2055 3795 2134 sumpserat
3821 2046 3928 2119 ita,

1057 2172 1130 2228 ut
1175 2162 1468 2249 opposita
1499 2161 1618 2228 sibi
1651 2184 1938 2252 quaeque
1982 2173 2425 2250 componeret3
2478 2162 2785 2251 quaedam
2805 2213 2821 2237 ‚
2868 2174 2938 2230 ut
2973 2162 3241 2229 ortbiam
3274 2183 3637 2267 ⁴‚epagogam
3683 2173 3744 2227 et
3776 2163 3929 2250 pba-

1057 2278 1302 2363 langem
1369 2280 1781 2365 peristomum
1828 2288 2016 2365 atqua
2071 2277 2579 2366 peplegmenam‚
2628 2300 2711 2347 ex
2755 2277 3212 2365 Asclepiodoto
3270 2278 3537 2351 similive
3606 2277 3769 2344 libro
3822 2278 3931 2343 ad-

1059 2392 1325 2459 miscuit.
1425 2391 1609 2461 Patet
1654 2404 1862 2459 autem
1909 2394 2048 2481 ipso
2092 2394 2202 2459 illo
2248 2391 2461 2461 studio
2508 2413 2590 2459 ex
2637 2392 2989 2480 agminibus
3032 2395 3200 2461 acies
3247 2394 3444 2461 factas
3491 2415 3651 2461 esse.

1232 2507 1475 2573 tertia
1521 2508 1731 2575 classis
1775 2509 2054 2598 quinque
2100 2509 2303 2596 capita
2350 2509 2628 2575 continet
2672 2530 2709 2573 a
2755 2529 2894 2596 cap.
2942 2506 3534 2589 XLIII—XLVII,
3580 2510 3645 2575 in
3694 2506 3927 2597 quibus

1061 2622 1240 2688 binae
1299 2644 1549 2710 semper
1611 2624 1804 2700 acies,
1867 2645 1992 2690 una
2035 2624 2319 2711 equitum
2374 2622 2655 2711 peditum
2700 2624 2925 2699 altera.
2998 2623 3117 2691 sibi
3181 2624 3449 2691 invicem
3495 2636 3929 2713 opponuntur.
4072 2632 4077 2635 ’

1057 2736 1176 2801 Hic
1223 2738 1431 2814 locus,
1479 2737 1668 2827 cujus
1713 2760 1856 2826 pars
1901 2740 2172 2827 aliquam
2220 2759 2364 2805 cum
2409 2736 2727 2805 Aelianeis
2790 2737 2869 2806 de
2915 2761 2987 2806 re
3031 2740 3343 2828 equestri,
3407 2761 3553 2828 pars
3622 2762 3764 2807 cum
3811 2738 3932 2805 As-

1062 2853 1403 2939 clepiodoti
1448 2854 1527 2920 de
1572 2853 1822 2941 agmine
1864 2854 2247 2919 instituendo
2292 2854 2644 2943 praeceptis
2692 2852 2887 2921 modo
2932 2855 3265 2943 descriptis
3330 2856 3773 2943 cognationem
3827 2855 3932 2921 ha-

1057 2967 1191 3043 bet.
1243 2970 1321 3037 ab
1352 2969 1530 3035 initio
1563 2970 1710 3035 nibil
1756 2990 2090 3036 commuue
2120 2990 2266 3035 cum
2300 2968 2543 3036 Aeliani
2568 2970 2789 3037 tactica
2822 2969 3149 3045 babuisse,
3200 2970 3311 3037 sed
3358 2970 3791 3060 singularis
3823 2991 3935 3035 cu-

1058 3083 1312 3171 jusdam
1359 3084 1619 3152 libelli
1665 3084 2084 3169 fragmentum
2117 3105 2255 3150 esse
2286 3096 2347 3151 et
2378 3099 2639 3172 propter
2667 3086 3019 3173 argumenti
3050 3085 3517 3153 similitudinem
3565 3106 3707 3151 cum
3738 3086 3934 3151 inter·-

1061 3200 1378 3284 polatioue
1434 3195 1487 3265 Β
1543 3200 1962 3286 compositum
2018 3198 2287 3267 videtur.
2392 3198 2569 3267 Haec
2628 3206 2867 3287 capita,
2928 3221 3089 3289 quae
3146 3222 3263 3289 per
3318 3222 3389 3269 se
3452 3211 3729 3289 spectata
3788 3220 3932 3266 cor-

1062 3316 1322 3402 ruptelis
1367 3315 1515 3381 satis
1547 3325 1796 3391 vacant,
1844 3315 1942 3381 hic
1971 3315 2200 3381 iterum
2233 3314 2593 3383 describere
2626 3338 2753 3381 non
2788 3336 2947 3403 opus
2994 3316 3247 3404 putavi,
3294 3316 3625 3403 prasertim
3659 3326 3803 3403 post
3832 3336 3926 3389 ea,

1069 3452 1232 3518 quae
1277 3430 1408 3518 jam
1455 3452 1657 3516 nuper
1702 3452 1762 3518 p.
1814 3435 1895 3497 18
1941 3452 2036 3518 sq.
2090 3430 2170 3496 de
2212 3430 2289 3496 iis
2335 3430 2568 3499 monui.
2673 3429 3017 3497 Hominem
3066 3441 3129 3497 et
3171 3441 3491 3498 recentem
3537 3440 3604 3497 et
3645 3430 3927 3517 ineptum

1065 3567 1201 3612 esse
1245 3546 1392 3611 satis
1440 3545 1727 3632 coarguit
1769 3545 2030 3611 ridicula
2073 3544 2175 3611 illa
2224 3544 2304 3611 de
2333 3546 2548 3613 lleone
2592 3558 2654 3613 et
2698 3548 2930 3613 Iasone
2981 3544 3223 3613 fabula!

1237 3672 1510 3749 quarta
1567 3661 1778 3726 classis
1832 3661 2480 3727 consarcinatori
2522 3659 2935 3727 adtribuenda
2978 3671 3104 3739 est,
3153 3662 3293 3748 qui,
3343 3680 3487 3725 cum
3532 3659 3651 3726 sibi
3696 3680 3935 3746 propo·

1062 3776 1316 3851 suisset,
1365 3796 1778 3862 quaecunque
1822 3775 2060 3862 primae
2104 3774 2416 3841 secundae
2476 3788 2538 3842 et
2585 3776 2807 3842 tertiae
2854 3776 3062 3841 classis
3108 3784 3347 3850 essent,
3394 3776 3460 3840 in
3507 3796 3704 3841 unum
3750 3776 3935 3861 quasi

1067 3911 1300 3979 corpus
1359 3890 1786 3979 conjungere,
1847 3888 2124 3977 singulas
2186 3902 2411 3977 partes.
2466 3911 2593 3957 non
2652 3890 2863 3957 solum
2930 3888 3404 3976 transponendo
3472 3890 3931 3976 conglutinare,

1063 4006 1174 4075 sed
1221 4006 1408 4073 etiam
1451 4027 1603 4073 suae
1647 4026 1868 4071 manus
1911 4004 2351 4071 additamentis
2396 4003 2715 4092 planiores
2760 4016 2823 4071 et
2855 4004 3171 4091 pleniores
3218 4002 3477 4071 efficere
3506 4004 3765 4072 studuit.
3852 4002 3937 4071 Et

1063 4122 1216 4190 baec
1259 4122 1436 4189 litera
1484 4118 1536 4187 C
1581 4121 1854 4187 instruxi
1899 4133 1960 4189 et
2006 4142 2169 4210 quae
2213 4120 2293 4188 ad

1235 4237 1596 4325 quintam
1652 4236 1914 4303 classem
1966 4238 2285 4323 pertinent
2330 4232 2626 4303 scholia
2675 4236 2841 4301 varia
2898 4244 2961 4301 et
3009 4235 3331 4321 glossae
3388 4272 3463 4285 ·-
3515 4233 3689 4322 qnod
3734 4250 3937 4319 genus

1061 4375 1186 4420 non
1233 4352 1472 4440 ubique
1517 4375 1550 4418 a
1599 4352 2124 4419 consarcinatoris
2185 4352 2393 4419 verbis
2454 4361 2591 4418 tuto
2652 4350 2923 4419 discerni
2982 4362 3189 4439 potest
3236 4390 3317 4403 —
3337 4404 3352 4427 ,
3421 4350 3785 4439 ubicunque
3828 4350 3931 4416 illa

1061 4490 1176 4556 per
1221 4490 1288 4535 se
1333 4469 1486 4554 poni
1529 4478 1848 4553 poteraot;
1895 4468 2070 4555 quod
2115 4466 2225 4535 ubi
2270 4489 2398 4535 nou
2446 4466 2701 4543 licebat,
2746 4467 2993 4535 uncinis
3040 4478 3103 4534 et
3134 4442 3503 4536 minusculis
3548 4466 3747 4534 literis
3779 4486 3930 4533 usus
4036 4466 4047 4477 “

1061 4588 1221 4650 sum'.
1312 4582 1724 4670 Apertissima
1770 4604 2059 4671 quaeque
2101 4586 2357 4673 quintae
2401 4581 2612 4650 classis
2654 4584 2720 4649 in
2766 4593 2947 4649 notas
2994 4582 3301 4669 ablegari.
3372 4628 3385 4649 ,
