4400 5784
1693 617 2206 687 „11ss

505 832 724 895 ἵστατο
769 823 896 893 σὺν
927 832 1063 902 τοῖς
1095 821 1321 900 ὅπλοις
1363 818 1560 889 κατὰ
1605 819 1746 899 τὰς
1790 819 2283 905 ἐναγωνίους
2325 814 2769 896 πυκνώσεις
2812 822 2947 887 καὶ
2996 821 3057 906 (i.
3104 842 3161 889 e.
3210 822 3407 892 adeo

503 983 577 1011 -.-...-
605 940 882 1029 μόιλιστα
942 941 1116 1027 apud
1163 938 1525 1023 Arrianum)
1577 936 1662 1003 ἐν
1705 934 2007 1023 πήχεσι
2051 932 2230 1012 δύος
2304 949 2366 1004 et
2412 935 2722 1004 similibus
2769 936 2978 1004 verbis
3027 938 3253 1005 eadem
3300 961 3404 1007 res

508 1064 576 1129 in
624 1059 1016 1147 Byzantinos
1065 1055 1332 1122 transiit.
1404 1053 1529 1120 Sed
1577 1074 1768 1120 nemo
1816 1054 2102 1119 omnium
2148 1073 2312 1120 uno
2357 1053 2723 1121 Arriano
2768 1062 3109 1140 excepto
3156 1057 3405 1144 cogita-

511 1182 599 1243 vit
650 1175 925 1243 duorum
972 1170 1334 1243 cubitorum
1373 1171 1506 1236 sive
1547 1170 1738 1236 trium
1773 1169 2011 1258 pedum
2037 1168 2441 1235 intervallum
2478 1178 2723 1236 tantum
2755 1169 2837 1235 de
2882 1172 3245 1255 parastatis,
3280 1193 3403 1239 nec

511 1313 668 1358 vero
717 1290 797 1355 de
841 1286 1214 1376 protostatis
1259 1298 1321 1351 et
1353 1286 1638 1373 epistatis
1667 1284 2152 1371 intelligendum
2185 1305 2349 1359 esse,
2401 1284 2635 1373 quibus
2666 1285 2819 1373 ipsis
2850 1286 2971 1353 rite
3002 1284 3406 1355 condensatis

515 1409 730 1474 minus
778 1406 970 1471 etiam
1015 1404 1291 1490 spatium
1335 1400 1640 1467 sufficere
1672 1422 1818 1467 cum
1851 1421 1954 1467 res
1986 1420 2272 1488 ususque
2304 1398 2516 1474 docet,
2570 1410 2705 1467 tum
2738 1398 2973 1467 diserte
3001 1388 3255 1468 monuit
3284 1406 3410 1469 Ar-

518 1524 768 1588 rianus:
819 1520 883 1585 οἱ
922 1514 982 1585 δ’
1031 1516 1101 1583 ἐν
1144 1520 1234 1607 τῷ
1278 1515 1340 1601 β’
1385 1520 1555 1606 ζυγῷ
1613 1510 2082 1601 ὑποβεβηκότες
2124 1513 2383 1582 ἐκείνων
2442 1514 2627 1580 ποσὶ
2689 1515 2878 1581 δυσὶ
2932 1512 3051 1601 τὴν
3104 1514 3416 1602 σάρισσαν

523 1650 643 1703 etc.
735 1638 880 1703 Jam
928 1655 1074 1701 cum
1123 1634 1414 1720 utrisque
1460 1632 1682 1721 spatiis
1728 1632 1794 1697 in
1841 1653 2043 1697 unum
2091 1629 2373 1697 confusis
2420 1632 2798 1698 sarissarum
2844 1630 3123 1699 sedecim
3169 1643 3415 1700 tantum

522 1751 766 1840 pedes
814 1750 1151 1835 longarum
1213 1748 1498 1814 calculus
1562 1768 1690 1813 non
1749 1747 2130 1835 quadraret,
2194 1746 2483 1813 homines
2538 1746 2912 1825 umbratici,
2986 1750 3100 1836 qui
3143 1747 3415 1818 fortasse

525 1869 650 1955 ipsi
696 1887 1020 1954 nunquam
1069 1865 1312 1931 hastam
1349 1862 1598 1929 vibrare
1629 1862 2037 1938 didicissent,
2089 1884 2211 1951 pro
2244 1862 2514 1941 pedibus
2563 1861 2879 1932 cubitos
2924 1863 3412 1943 substituerunt,

525 2004 656 2049 non
687 1982 1064 2070 cogitantes,
1105 1979 1207 2046 vel
1237 1981 1594 2046 Homerum
1626 1979 1892 2045 Hectori
1923 1978 2194 2044 heroum
2226 1979 2359 2045 suis
2395 1978 2770 2066 aequalibus
2804 2018 2887 2029 —
2920 1974 3050 2045 οἶοι
3090 1984 3217 2046 νῦν
3260 1984 3415 2067 βρο-

525 2100 627 2166 τοί
671 2100 791 2164 εἰσι
834 2134 922 2145 --
972 2096 1411 2163 robustiorum
1460 2094 1906 2161 robustissimo
1970 2103 2215 2159 tantum
2262 2088 2424 2178 δόρυ
2468 2088 2861 2179 ἑνδεκάπηχυ
2905 2094 3187 2163 dedisset
3284 2097 3420 2166 Nec

527 2213 776 2302 Polybii
822 2213 1197 2286 auctoritas.
1251 2232 1446 2299 quam
1508 2211 1652 2298 quis
1700 2219 2091 2298 praetentet,
2163 2230 2281 2275 nos
2328 2210 2636 2288 moverit3
2710 2209 2822 2276 sed
2871 2209 2949 2277 de
3008 2232 3084 2277 ea
3131 2234 3203 2278 re
3246 2234 3419 2280 nunc

535 2351 863 2419 exponere
921 2327 1189 2415 longum
1237 2339 1354 2393 est.
1448 2326 1569 2392 Hic
1616 2324 1878 2413 quidem
1926 2324 2086 2391 baec
2131 2324 2489 2404 sufficiant3
2566 2326 2689 2391 alia
2741 2348 2822 2391 ex
2870 2326 2995 2395 boc
3040 2329 3250 2416 capite
3296 2350 3419 2416 po-

521 2458 656 2513 stea
706 2444 1070 2515 afferemus.

742 2558 1114 2615 Emendanda
1153 2558 1210 2612 in
1248 2556 1598 2612 Arriano:
1636 2555 1842 2625 ταύτῃ
1880 2572 1994 2608 τοι
2029 2551 2066 2623 ἡ
2099 2552 2484 2629 Mamaeum]
2524 2556 2818 2627 τοιαύτη
2855 2556 2893 2627 ἢ
2924 2556 3003 2614 Μ.
3038 2588 3106 2598 -
3144 2564 3422 2635 τέσσαρες

664 2656 765 2726 τὴν
802 2657 990 2729 χεῖρα]
1033 2660 1156 2725 post
1196 2660 1476 2729 τέσσαρες
1513 2654 1656 2709 addc
1693 2654 1768 2720 ἐς.

737 2753 800 2809 ln
823 2756 868 2807 Α
885 2768 918 2808 e
933 2754 949 2808 Ι
963 2754 978 2807 i
992 2768 1024 2809 a
1037 2768 1076 2809 n
1091 2768 1125 2807 ο
1153 2752 1444 2821 διάστημα
1460 2752 1558 2821 τῆς
1583 2768 1623 2805 π
1635 2770 1670 2825 ρ
1683 2769 1717 2805 ο
1728 2751 1906 2819 βολῆς
1923 2750 2241 2822 legendum,
2257 2754 2317 2810 ul
2338 2750 2485 2820 apud
2502 2749 2795 2821 Polybium
2810 2768 2825 2817 ς
2847 2752 3014 2823 vulgo
3031 2770 3073 2807 π
3085 2773 3120 2830 ρ
3134 2772 3168 2807 ο
3184 2754 3423 2825 σβολῆς.

746 2853 912 2918 Ael.
961 2853 1098 2918 XV.
1151 2890 1224 2918 =
1264 2856 1429 2919 Arr.
1479 2872 1534 2917 c.
1583 2856 1659 2915 21
1731 2850 1794 2917 S.
1845 2872 1910 2938 p.
1956 2854 2038 2916 38
2088 2872 2184 2939 sq.
2232 2851 2304 2916 B.
2374 2843 2528 2927 τούς
2579 2872 2649 2933 γε
2709 2846 2840 2935 μὴν
2886 2890 2969 2901 -
3017 2848 3420 2938 ἐνενήκοντα.

534 2968 917 3035 Accuratius
965 2979 1029 3033 et
1091 2968 1318 3033 melius
1375 2968 1680 3032 Arrianus
1729 2965 1919 3032 docet
1967 2964 2169 3031 levem
2231 2977 2622 3032 armaturam
2667 2988 2788 3055 pro
2835 2977 3126 3057 tempore
3173 2979 3237 3037 et
3280 2970 3427 3038 loco

537 3081 734 3148 modo
799 3082 901 3149 bic
946 3082 1145 3149 modo
1205 3082 1338 3148 illic
1397 3080 1840 3148 collocandam
1904 3102 2077 3155 esse,
2147 3081 2301 3146 dum
2345 3079 2652 3148 Aelianus
2715 3082 2979 3169 singulis
3034 3085 3424 3174 hoplitarum

540 3197 742 3263 lochis
788 3196 1013 3263 leviter
1044 3207 1438 3263 armatorum
1470 3196 1694 3264 lochos
1741 3218 1956 3262 nunc
2003 3195 2313 3284 quidem
2363 3198 2665 3285 postponi
2715 3195 2953 3265 debere
3000 3198 3174 3274 dicit,
3228 3202 3431 3268 aciem

545 3312 712 3379 baud
760 3310 953 3378 dubie
1001 3313 1348 3401 respiciens
1395 3313 1634 3400 speciei
1681 3295 2068 3403 et'pompae
2116 3313 2351 3400 gratia,
2414 3335 2544 3380 non
2593 3312 2671 3379 ad
2719 3314 2854 3380 veri
2898 3312 3053 3381 belli
3098 3338 3287 3383 usum
3330 3319 3433 3384 in-

535 3436 868 3494 structam.
961 3430 1125 3495 Tum
1173 3428 1447 3500 eundem
1514 3428 1774 3515 quidem
1822 3450 1969 3495 cum
2018 3428 2287 3495 Aeliano
2334 3438 2651 3495 memorat
2704 3450 3045 3496 numerum
3094 3433 3426 3508 Arrianus,

540 3542 657 3610 sed
703 3564 928 3610 rursus
975 3565 1122 3611 enm
1172 3552 1417 3610 tantum
1464 3543 1542 3609 ad
1606 3546 1700 3610 rei
1746 3544 2269 3612 commoditatem
2334 3542 2680 3610 confictum
2728 3566 2869 3611 esse
2916 3544 3152 3612 diserte
3195 3546 3437 3615 indicat

546 3658 644 3726 bis
693 3658 953 3725 verbis:
1017 3697 1088 3708 —
1139 3653 1402 3744 ἡμίσεας
1451 3656 1608 3737 τούς
1651 3658 1884 3738 ψιλούς
1938 3683 2198 3746 φαμεν
2242 3663 2525 3745 χρῆναι
2582 3656 2819 3745 ἔχειν,
2867 3661 2933 3726 el
2989 3656 3432 3747 σύμμετροι

542 3772 875 3841 ἔσονται
917 3771 1111 3860 πρὸς
1153 3772 1241 3842 τὸ
1289 3773 1552 3859 ἔργον.

755 3889 1126 3947 Emendanda
1163 3890 1224 3945 in
1261 3890 1608 3945 Arriano:
1657 3888 1826 3955 τοὺς
1860 3906 1930 3943 τε
1966 3886 2102 3961 μὴν]
2145 3889 2311 3955 τούς
2347 3905 2425 3959 γε
2458 3908 2523 3957 μ.
2559 3916 2627 3927 -
2675 3888 2818 3965 πρὸς
2852 3888 3023 3956 τούς
3069 3892 3249 3959 τινας]
3288 3892 3433 3967 πρὸς

683 3984 804 4054 οὕς
836 4004 1013 4054 τινας.

771 4090 822 4151 Α
851 4086 942 4151 el.
989 4088 1156 4154 XVI.
1189 4124 1261 4154 -..-.·
1290 4089 1459 4152 Art.
1511 4106 1565 4151 c.
1601 4088 1685 4150 22
1732 4085 1796 4153 S.
1844 4108 1908 4174 p.
1958 4088 2215 4151 39—41
2264 4087 2337 4153 B.
2386 4080 2673 4170 ὀνόματα
2706 4123 2785 4133 —·
2820 4082 3429 4174 συστρεμματᾶρχαι.

555 4203 828 4269 Prorsus
876 4201 1102 4269 eadem
1149 4214 1212 4269 et
1255 4201 1484 4268 iisdem
1541 4201 1677 4267 fere
1722 4199 1933 4267 verbis
1980 4200 2059 4266 de
2103 4199 2259 4267 levis
2322 4212 2686 4268 armaturae
2731 4202 3071 4289 partitione
3116 4202 3441 4271 disserun-

553 4329 676 4384 tur.
771 4318 978 4386 Unum
1025 4328 1122 4385 est
1167 4318 1541 4394 discrimen,
1611 4315 1787 4404 quod
1835 4314 2149 4385 Arrianus
2210 4325 2489 4405 quatuor
2533 4326 2782 4383 tantum
2828 4316 3092 4403 singulis
3137 4320 3440 4387 centuriis

549 4443 833 4501 ectactos
882 4432 1187 4500 adtribuit
1233 4434 1532 4501 omittens
1579 4453 1949 4520 magum,
2017 4454 2148 4520 quo
2194 4432 2414 4499 addito
2458 4430 2771 4503 Aelianus
2819 4433 3104 4522 quinque
3147 4445 3220 4501 ut
3265 4434 3440 4524 apud

556 4547 830 4635 hoplites
879 4547 1097 4616 efficit.
1188 4548 1314 4617 Sed
1375 4549 1478 4615 bic
1541 4569 1804 4637 quoque
1849 4548 1955 4614 ille
2001 4568 2084 4614 ex
2130 4547 2225 4614 rei
2271 4560 2529 4625 natura,
2601 4548 2704 4615 bic
2760 4569 2842 4615 ex
2900 4568 3079 4614 mera
3148 4546 3439 4617 doctrina

558 4665 906 4753 praecepit,
939 4685 1087 4731 cum
1116 4666 1184 4732 in
1209 4664 1432 4733 leviter
1464 4664 1725 4731 armatis
1757 4665 1994 4753 passim
2017 4662 2455 4752 pugnantibus
2480 4663 2694 4731 nullae
2718 4666 2843 4732 siut
2862 4663 2954 4729 illi
2977 4685 3179 4751 urago
3204 4675 3438 4754 partes.

732 4780 888 4847 Ael.
935 4781 1136 4847 xvn.
1170 4816 1244 4847 ==
1275 4783 1448 4846 Art.
1499 4801 1552 4846 c.
1598 4783 1686 4845 23
1733 4779 1796 4847 S.
1845 4801 1907 4868 p.
1939 4784 2019 4844 41
2073 4800 2168 4868 sq.
2216 4780 2289 4846 B.
2337 4774 2651 4863 ὠφέλιμοι
2694 4816 2779 4830 —-
2822 4782 3227 4865 καταστῆσαι.
3278 4782 3441 4848 Pro-

567 4894 761 4963 lixius
807 4908 868 4963 et
917 4895 1272 4963 accuratius
1317 4894 1472 4963 levis
1518 4905 1877 4961 armaturae
1921 4913 2108 4960 usum
2153 4892 2395 4963 indicat
2437 4895 2767 4963 Arrianus.
