<?xml version="1.0" encoding="UTF-8"?>
<!DOCTYPE html PUBLIC "-//W3C//DTD XHTML 1.0 Transitional//EN"
    "http://www.w3.org/TR/xhtml1/DTD/xhtml1-transitional.dtd">
<html xmlns="http://www.w3.org/1999/xhtml" xml:lang="en" lang="en">
 <head>
  <title>
</title>
<meta http-equiv="Content-Type" content="text/html;charset=utf-8" />
  <meta name='ocr-system' content='tesseract 3.04.00' />
  <meta name='ocr-capabilities' content='ocr_page ocr_carea ocr_par ocr_line ocrx_word'/>
</head>
<body>
  <div class='ocr_page' id='page_1' title='image "./delibristactici00koecgoog_0032.png"; bbox 0 0 4400 5784; ppageno 0'>
   <div class='ocr_carea' id='block_1_1' title="bbox 626 675 2127 754">
    <p class='ocr_par' dir='ltr' id='par_1_1' title="bbox 626 675 2127 754">
     <span class='ocr_line' id='line_1_1' title="bbox 626 675 2127 754; baseline -0.003 0"><span class='ocrx_word' id='word_1_1' title='bbox 626 719 687 754; x_wconf 69' lang='lat' dir='ltr'>a·</span> <span class='ocrx_word' id='word_1_2' title='bbox 1676 675 2127 750; x_wconf 86' lang='lat'>—5-</span> 
     </span>
    </p>
   </div>
   <div class='ocr_carea' id='block_1_2' title="bbox 432 887 3343 2816">
    <p class='ocr_par' dir='ltr' id='par_1_2' title="bbox 432 887 3343 2816">
     <span class='ocr_line' id='line_1_2' title="bbox 1581 887 2188 960; baseline -0.002 -8"><span class='ocrx_word' id='word_1_3' title='bbox 1581 887 1662 952; x_wconf 87' lang='lat' dir='ltr'>H.</span> <span class='ocrx_word' id='word_1_4' title='bbox 1717 888 2023 960; x_wconf 74' lang='lat' dir='ltr'>Zwlcxr,</span> <span class='ocrx_word' id='word_1_5' title='bbox 2077 887 2188 952; x_wconf 90' lang='lat' dir='ltr'>Dr.</span> 
     </span>
     <span class='ocr_line' id='line_1_3' title="bbox 620 995 2324 1082; baseline 0.001 -18"><span class='ocrx_word' id='word_1_6' title='bbox 620 995 689 1082; x_wconf 87' lang='lat'>1)</span> <span class='ocrx_word' id='word_1_7' title='bbox 738 998 1122 1065; x_wconf 78' lang='lat' dir='ltr'><strong>Medicinam</strong></span> <span class='ocrx_word' id='word_1_8' title='bbox 1172 999 1493 1066; x_wconf 86' lang='lat' dir='ltr'>forensem</span> <span class='ocrx_word' id='word_1_9' title='bbox 1541 1003 1737 1068; x_wconf 89' lang='lat' dir='ltr'>ternis</span> <span class='ocrx_word' id='word_1_10' title='bbox 1785 1002 1959 1068; x_wconf 90' lang='lat' dir='ltr'>horis</span> <span class='ocrx_word' id='word_1_11' title='bbox 2008 999 2324 1068; x_wconf 79' lang='lat' dir='ltr'>tractabit.</span> 
     </span>
     <span class='ocr_line' id='line_1_4' title="bbox 625 1093 3342 1206; baseline 0.001 -28"><span class='ocrx_word' id='word_1_12' title='bbox 625 1115 693 1196; x_wconf 79' lang='lat'>2)</span> <span class='ocrx_word' id='word_1_13' title='bbox 745 1093 1022 1181; x_wconf 83' lang='lat' dir='ltr'>Cursum</span> <span class='ocrx_word' id='word_1_14' title='bbox 1082 1116 1437 1202; x_wconf 80' lang='lat' dir='ltr'>practicam</span> <span class='ocrx_word' id='word_1_15' title='bbox 1495 1118 1945 1206; x_wconf 76' lang='lat' dir='ltr'><strong>operationum</strong></span> <span class='ocrx_word' id='word_1_16' title='bbox 2004 1118 2068 1182; x_wconf 89' lang='lat' dir='ltr'>in</span> <span class='ocrx_word' id='word_1_17' title='bbox 2127 1114 2331 1182; x_wconf 88' lang='lat' dir='ltr'>oculis</span> <span class='ocrx_word' id='word_1_18' title='bbox 2397 1113 2832 1180; x_wconf 81' lang='lat' dir='ltr'>faciendarum</span> <span class='ocrx_word' id='word_1_19' title='bbox 2881 1126 2980 1180; x_wconf 90' lang='lat' dir='ltr'>ter</span> <span class='ocrx_word' id='word_1_20' title='bbox 3023 1137 3086 1202; x_wconf 87' lang='lat' dir='ltr'>p.</span> <span class='ocrx_word' id='word_1_21' title='bbox 3137 1115 3192 1179; x_wconf 92' lang='lat' dir='ltr'>b.</span> <span class='ocrx_word' id='word_1_22' title='bbox 3241 1115 3342 1180; x_wconf 91' lang='lat' dir='ltr'>in-</span> 
     </span>
     <span class='ocr_line' id='line_1_5' title="bbox 432 1228 695 1296; baseline 0.008 -4"><span class='ocrx_word' id='word_1_23' title='bbox 432 1228 695 1296; x_wconf 85' lang='lat' dir='ltr'>stituet.</span> 
     </span>
     <span class='ocr_line' id='line_1_6' title="bbox 1603 1348 2192 1422; baseline -0.002 -10"><span class='ocrx_word' id='word_1_24' title='bbox 1603 1348 1661 1412; x_wconf 84' lang='lat' dir='ltr'>J.</span> <span class='ocrx_word' id='word_1_25' title='bbox 1718 1349 2027 1422; x_wconf 74' lang='lat' dir='ltr'>Locmm,</span> <span class='ocrx_word' id='word_1_26' title='bbox 2079 1348 2192 1413; x_wconf 90' lang='lat' dir='ltr'>Dr.</span> 
     </span>
     <span class='ocr_line' id='line_1_7' title="bbox 634 1459 3343 1549; baseline 0.001 -26"><span class='ocrx_word' id='word_1_27' title='bbox 634 1461 693 1545; x_wconf 86' lang='lat'>1)</span> <span class='ocrx_word' id='word_1_28' title='bbox 742 1462 962 1525; x_wconf 77' lang='lat' dir='ltr'>Artem</span> <span class='ocrx_word' id='word_1_29' title='bbox 1009 1459 1323 1527; x_wconf 89' lang='lat' dir='ltr'>medicam</span> <span class='ocrx_word' id='word_1_30' title='bbox 1374 1459 1697 1547; x_wconf 78' lang='lat' dir='ltr'>publicam</span> <span class='ocrx_word' id='word_1_31' title='bbox 1746 1461 1817 1546; x_wconf 81' lang='lat' dir='ltr'>(S.</span> <span class='ocrx_word' id='word_1_32' title='bbox 1870 1462 2252 1528; x_wconf 83' lang='lat' dir='ltr'>medicinam</span> <span class='ocrx_word' id='word_1_33' title='bbox 2300 1461 2620 1528; x_wconf 87' lang='lat' dir='ltr'>forensem</span> <span class='ocrx_word' id='word_1_34' title='bbox 2670 1471 2732 1526; x_wconf 91' lang='lat' dir='ltr'>et</span> <span class='ocrx_word' id='word_1_35' title='bbox 2766 1459 3167 1548; x_wconf 85' lang='lat' dir='ltr'>disciplinam</span> <span class='ocrx_word' id='word_1_36' title='bbox 3218 1482 3343 1549; x_wconf 89' lang='lat' dir='ltr'>pu-</span> 
     </span>
     <span class='ocr_line' id='line_1_8' title="bbox 432 1571 2186 1658; baseline 0.004 -22"><span class='ocrx_word' id='word_1_37' title='bbox 432 1571 691 1639; x_wconf 89' lang='lat' dir='ltr'>blicam</span> <span class='ocrx_word' id='word_1_38' title='bbox 747 1573 827 1641; x_wconf 87' lang='lat' dir='ltr'>de</span> <span class='ocrx_word' id='word_1_39' title='bbox 872 1573 1067 1640; x_wconf 88' lang='lat' dir='ltr'>rebus</span> <span class='ocrx_word' id='word_1_40' title='bbox 1113 1575 1397 1658; x_wconf 90' lang='lat' dir='ltr'>medicis)</span> <span class='ocrx_word' id='word_1_41' title='bbox 1446 1578 1640 1642; x_wconf 87' lang='lat' dir='ltr'>ternis</span> <span class='ocrx_word' id='word_1_42' title='bbox 1687 1577 1861 1644; x_wconf 88' lang='lat' dir='ltr'>boris</span> <span class='ocrx_word' id='word_1_43' title='bbox 1910 1575 2186 1643; x_wconf 83' lang='lat' dir='ltr'>docebit.</span> 
     </span>
     <span class='ocr_line' id='line_1_9' title="bbox 631 1689 2261 1773; baseline 0.002 -19"><span class='ocrx_word' id='word_1_44' title='bbox 631 1689 692 1773; x_wconf 79' lang='lat'>2)</span> <span class='ocrx_word' id='word_1_45' title='bbox 740 1691 959 1756; x_wconf 76' lang='lat' dir='ltr'>Artem</span> <span class='ocrx_word' id='word_1_46' title='bbox 1006 1690 1211 1758; x_wconf 91' lang='lat' dir='ltr'>oculis</span> <span class='ocrx_word' id='word_1_47' title='bbox 1257 1690 1556 1758; x_wconf 88' lang='lat' dir='ltr'>medendi</span> <span class='ocrx_word' id='word_1_48' title='bbox 1600 1690 1767 1758; x_wconf 91' lang='lat' dir='ltr'>binis</span> <span class='ocrx_word' id='word_1_49' title='bbox 1813 1692 1987 1758; x_wconf 89' lang='lat' dir='ltr'>horis</span> <span class='ocrx_word' id='word_1_50' title='bbox 2033 1691 2261 1757; x_wconf 89' lang='lat' dir='ltr'>tradet.</span> 
     </span>
     <span class='ocr_line' id='line_1_10' title="bbox 629 1801 3337 1896; baseline -0.001 -25"><span class='ocrx_word' id='word_1_51' title='bbox 629 1801 695 1890; x_wconf 82' lang='lat'>3)</span> <span class='ocrx_word' id='word_1_52' title='bbox 742 1803 1134 1872; x_wconf 78' lang='lat' dir='ltr'>Medicinam</span> <span class='ocrx_word' id='word_1_53' title='bbox 1160 1805 1571 1891; x_wconf 88' lang='lat' dir='ltr'>pastoralem,</span> <span class='ocrx_word' id='word_1_54' title='bbox 1606 1806 1945 1896; x_wconf 86' lang='lat' dir='ltr'>subjuncta</span> <span class='ocrx_word' id='word_1_55' title='bbox 1987 1806 2503 1894; x_wconf 78' lang='lat' dir='ltr'>anthropologia,</span> <span class='ocrx_word' id='word_1_56' title='bbox 2543 1807 2738 1872; x_wconf 89' lang='lat' dir='ltr'>ternis</span> <span class='ocrx_word' id='word_1_57' title='bbox 2763 1805 2936 1871; x_wconf 89' lang='lat' dir='ltr'>horis</span> <span class='ocrx_word' id='word_1_58' title='bbox 2975 1802 3337 1871; x_wconf 76' lang='lat' dir='ltr'>illustrabit.</span> 
     </span>
     <span class='ocr_line' id='line_1_11' title="bbox 627 1919 3343 2009; baseline -0 -24"><span class='ocrx_word' id='word_1_59' title='bbox 627 1919 689 2003; x_wconf 81' lang='grc'>4)</span> <span class='ocrx_word' id='word_1_60' title='bbox 738 1920 836 1985; x_wconf 90' lang='lat' dir='ltr'>De</span> <span class='ocrx_word' id='word_1_61' title='bbox 882 1919 1255 2007; x_wconf 80' lang='lat' dir='ltr'>pathologia</span> <span class='ocrx_word' id='word_1_62' title='bbox 1303 1921 1567 2009; x_wconf 90' lang='lat' dir='ltr'>speciali</span> <span class='ocrx_word' id='word_1_63' title='bbox 1614 1933 1677 1988; x_wconf 92' lang='lat' dir='ltr'>et</span> <span class='ocrx_word' id='word_1_64' title='bbox 1724 1921 1803 1987; x_wconf 91' lang='lat' dir='ltr'>de</span> <span class='ocrx_word' id='word_1_65' title='bbox 1849 1922 2376 2009; x_wconf 79' lang='lat' dir='ltr'>pharmacologia</span> <span class='ocrx_word' id='word_1_66' title='bbox 2410 1920 2880 1987; x_wconf 83' lang='lat' dir='ltr'>commilitones</span> <span class='ocrx_word' id='word_1_67' title='bbox 2928 1920 3122 1986; x_wconf 91' lang='lat' dir='ltr'>ternis</span> <span class='ocrx_word' id='word_1_68' title='bbox 3169 1919 3343 1986; x_wconf 89' lang='lat' dir='ltr'>boris</span> 
     </span>
     <span class='ocr_line' id='line_1_12' title="bbox 444 2031 863 2100; baseline 0 -2"><span class='ocrx_word' id='word_1_69' title='bbox 444 2031 863 2100; x_wconf 81' lang='lat' dir='ltr'>examinabit.</span> 
     </span>
     <span class='ocr_line' id='line_1_13' title="bbox 1580 2151 2201 2227; baseline 0 -10"><span class='ocrx_word' id='word_1_70' title='bbox 1580 2152 1661 2217; x_wconf 87' lang='lat' dir='ltr'>H.</span> <span class='ocrx_word' id='word_1_71' title='bbox 1718 2152 2031 2227; x_wconf 70' lang='lat' dir='ltr'>Srounu,</span> <span class='ocrx_word' id='word_1_72' title='bbox 2090 2151 2201 2220; x_wconf 88' lang='lat' dir='ltr'>Dr.</span> 
     </span>
     <span class='ocr_line' id='line_1_14' title="bbox 630 2261 2489 2357; baseline 0.002 -28"><span class='ocrx_word' id='word_1_73' title='bbox 630 2264 687 2348; x_wconf 87' lang='lat'>1)</span> <span class='ocrx_word' id='word_1_74' title='bbox 732 2261 1121 2332; x_wconf 87' lang='lat' dir='ltr'>Rudimenta</span> <span class='ocrx_word' id='word_1_75' title='bbox 1171 2266 1703 2356; x_wconf 80' lang='lat' dir='ltr'>anthropologiae</span> <span class='ocrx_word' id='word_1_76' title='bbox 1749 2266 1914 2334; x_wconf 91' lang='lat' dir='ltr'>binis</span> <span class='ocrx_word' id='word_1_77' title='bbox 1963 2266 2135 2333; x_wconf 91' lang='lat' dir='ltr'>horis</span> <span class='ocrx_word' id='word_1_78' title='bbox 2183 2279 2489 2357; x_wconf 83' lang='lat' dir='ltr'>exponet.</span> 
     </span>
     <span class='ocr_line' id='line_1_15' title="bbox 628 2361 3340 2463; baseline -0 -18"><span class='ocrx_word' id='word_1_79' title='bbox 628 2380 692 2463; x_wconf 75' lang='lat'>2)</span> <span class='ocrx_word' id='word_1_80' title='bbox 744 2378 1229 2448; x_wconf 90' lang='lat' dir='ltr'>Commilitones</span> <span class='ocrx_word' id='word_1_81' title='bbox 1276 2361 1377 2448; x_wconf 24' lang='lat' dir='ltr'>de·</span> <span class='ocrx_word' id='word_1_82' title='bbox 1402 2403 1473 2448; x_wconf 91' lang='lat' dir='ltr'>re</span> <span class='ocrx_word' id='word_1_83' title='bbox 1519 2381 1913 2458; x_wconf 88' lang='lat' dir='ltr'>obstetricia,</span> <span class='ocrx_word' id='word_1_84' title='bbox 1976 2384 2163 2450; x_wconf 92' lang='lat' dir='ltr'>simul</span> <span class='ocrx_word' id='word_1_85' title='bbox 2214 2385 2524 2451; x_wconf 86' lang='lat' dir='ltr'>rationem</span> <span class='ocrx_word' id='word_1_86' title='bbox 2572 2381 2954 2449; x_wconf 85' lang='lat' dir='ltr'>morborum</span> <span class='ocrx_word' id='word_1_87' title='bbox 3001 2379 3340 2446; x_wconf 86' lang='lat' dir='ltr'>mulierum</span> 
     </span>
     <span class='ocr_line' id='line_1_16' title="bbox 452 2493 1664 2584; baseline 0.002 -24"><span class='ocrx_word' id='word_1_88' title='bbox 452 2493 832 2569; x_wconf 87' lang='lat' dir='ltr'>habiturus,</span> <span class='ocrx_word' id='word_1_89' title='bbox 885 2494 983 2562; x_wconf 88' lang='lat' dir='ltr'>bis</span> <span class='ocrx_word' id='word_1_90' title='bbox 1028 2519 1094 2584; x_wconf 90' lang='lat' dir='ltr'>p.</span> <span class='ocrx_word' id='word_1_91' title='bbox 1144 2497 1202 2564; x_wconf 91' lang='lat' dir='ltr'>b.</span> <span class='ocrx_word' id='word_1_92' title='bbox 1253 2497 1664 2565; x_wconf 82' lang='lat' dir='ltr'>examinabit.</span> 
     </span>
     <span class='ocr_line' id='line_1_17' title="bbox 625 2608 3339 2701; baseline -0.001 -25"><span class='ocrx_word' id='word_1_93' title='bbox 625 2615 684 2693; x_wconf 86' lang='grc'>3)</span> <span class='ocrx_word' id='word_1_94' title='bbox 734 2613 833 2678; x_wconf 90' lang='lat' dir='ltr'>De</span> <span class='ocrx_word' id='word_1_95' title='bbox 881 2613 1169 2690; x_wconf 90' lang='lat' dir='ltr'>ratione,</span> <span class='ocrx_word' id='word_1_96' title='bbox 1221 2636 1383 2701; x_wconf 91' lang='lat' dir='ltr'>quae</span> <span class='ocrx_word' id='word_1_97' title='bbox 1430 2615 1812 2681; x_wconf 87' lang='lat' dir='ltr'>medicinam</span> <span class='ocrx_word' id='word_1_98' title='bbox 1859 2615 2028 2680; x_wconf 90' lang='lat' dir='ltr'>inter</span> <span class='ocrx_word' id='word_1_99' title='bbox 2064 2625 2128 2680; x_wconf 88' lang='lat' dir='ltr'>et</span> <span class='ocrx_word' id='word_1_100' title='bbox 2174 2625 2376 2682; x_wconf 88' lang='lat' dir='ltr'>artem</span> <span class='ocrx_word' id='word_1_101' title='bbox 2424 2612 2802 2688; x_wconf 87' lang='lat' dir='ltr'>intercedat,</span> <span class='ocrx_word' id='word_1_102' title='bbox 2856 2610 3120 2699; x_wconf 77' lang='lat' dir='ltr'>singulis</span> <span class='ocrx_word' id='word_1_103' title='bbox 3168 2608 3339 2675; x_wconf 83' lang='lat' dir='ltr'>horis</span> 
     </span>
     <span class='ocr_line' id='line_1_18' title="bbox 446 2725 1127 2816; baseline 0 -23"><span class='ocrx_word' id='word_1_104' title='bbox 446 2725 704 2814; x_wconf 89' lang='lat' dir='ltr'>publice</span> <span class='ocrx_word' id='word_1_105' title='bbox 759 2726 1127 2816; x_wconf 85' lang='lat' dir='ltr'>disputabit.</span> 
     </span>
    </p>
   </div>
   <div class='ocr_carea' id='block_1_3' title="bbox 1127 2949 2657 3282">
    <p class='ocr_par' dir='ltr' id='par_1_3' title="bbox 1127 2949 2657 3282">
     <span class='ocr_line' id='line_1_19' title="bbox 1127 2949 2657 3104; baseline -0.001 -28"><span class='ocrx_word' id='word_1_106' title='bbox 1127 2949 1305 3076; x_wconf 69' lang='lat' dir='ltr'>lv.</span> <span class='ocrx_word' id='word_1_107' title='bbox 1415 2988 1795 3076; x_wconf 82' lang='lat' dir='ltr'>ordinis</span> <span class='ocrx_word' id='word_1_108' title='bbox 1867 2989 2657 3104; x_wconf 84' lang='lat' dir='ltr'>Philosophorum.</span> 
     </span>
     <span class='ocr_line' id='line_1_20' title="bbox 1131 3179 2502 3282; baseline 0 -24"><span class='ocrx_word' id='word_1_109' title='bbox 1131 3271 1139 3279; x_wconf 18' lang='grc' dir='ltr'><strong>Δ</strong></span> <span class='ocrx_word' id='word_1_110' title='bbox 1286 3179 1685 3271; x_wconf 80' lang='lat' dir='ltr'>Decanus:</span> <span class='ocrx_word' id='word_1_111' title='bbox 1766 3180 1860 3260; x_wconf 92' lang='lat' dir='ltr'>H.</span> <span class='ocrx_word' id='word_1_112' title='bbox 1915 3182 2306 3282; x_wconf 67' lang='lat' dir='ltr'>Kochly,</span> <span class='ocrx_word' id='word_1_113' title='bbox 2362 3179 2502 3258; x_wconf 88' lang='lat' dir='ltr'>Dr.</span> 
     </span>
    </p>
   </div>
   <div class='ocr_carea' id='block_1_4' title="bbox 1126 3379 2666 3490">
    <p class='ocr_par' dir='ltr' id='par_1_4' title="bbox 1126 3379 2666 3490">
     <span class='ocr_line' id='line_1_21' title="bbox 1126 3379 2666 3490; baseline 0.001 -31"><span class='ocrx_word' id='word_1_114' title='bbox 1126 3380 1198 3460; x_wconf 89' lang='lat'>1.</span> <span class='ocrx_word' id='word_1_115' title='bbox 1306 3379 1916 3490; x_wconf 76' lang='lat' dir='ltr'>Ptofeaaorum</span> <span class='ocrx_word' id='word_1_116' title='bbox 1980 3380 2620 3466; x_wconf 60' lang='lat' dir='ltr'>ordinariorum</span> <span class='ocrx_word' id='word_1_117' title='bbox 2638 3409 2666 3460; x_wconf 94' lang='lat'>.·</span> 
     </span>
    </p>
   </div>
   <div class='ocr_carea' id='block_1_5' title="bbox 1593 3586 2186 3662">
    <p class='ocr_par' dir='ltr' id='par_1_5' title="bbox 1593 3586 2186 3662">
     <span class='ocr_line' id='line_1_22' title="bbox 1593 3586 2186 3662; baseline 0.002 -10"><span class='ocrx_word' id='word_1_118' title='bbox 1593 3586 1667 3652; x_wconf 89' lang='lat' dir='ltr'>E.</span> <span class='ocrx_word' id='word_1_119' title='bbox 1716 3587 2019 3662; x_wconf 71' lang='lat' dir='ltr'>Bonum,</span> <span class='ocrx_word' id='word_1_120' title='bbox 2070 3587 2186 3653; x_wconf 91' lang='lat' dir='ltr'>Dr.</span> 
     </span>
    </p>
   </div>
   <div class='ocr_carea' id='block_1_6' title="bbox 449 3716 3342 4386">
    <p class='ocr_par' dir='ltr' id='par_1_6' title="bbox 632 3716 2149 3806">
     <span class='ocr_line' id='line_1_23' title="bbox 632 3716 2149 3806; baseline 0.001 -24"><span class='ocrx_word' id='word_1_121' title='bbox 632 3717 689 3801; x_wconf 86' lang='lat'>1)</span> <span class='ocrx_word' id='word_1_122' title='bbox 738 3716 1231 3806; x_wconf 78' lang='lat' dir='ltr'>Psychologiam</span> <span class='ocrx_word' id='word_1_123' title='bbox 1280 3719 1606 3805; x_wconf 87' lang='lat' dir='ltr'>quaternis</span> <span class='ocrx_word' id='word_1_124' title='bbox 1652 3719 1829 3785; x_wconf 90' lang='lat' dir='ltr'>horis</span> <span class='ocrx_word' id='word_1_125' title='bbox 1874 3718 2149 3787; x_wconf 89' lang='lat' dir='ltr'>docebit.</span> 
     </span>
    </p>

    <p class='ocr_par' dir='ltr' id='par_1_7' title="bbox 449 3832 3340 4036">
     <span class='ocr_line' id='line_1_24' title="bbox 626 3832 3340 3922; baseline -0 -24"><span class='ocrx_word' id='word_1_126' title='bbox 626 3834 691 3918; x_wconf 81' lang='lat'>2)</span> <span class='ocrx_word' id='word_1_127' title='bbox 741 3833 1089 3900; x_wconf 85' lang='lat' dir='ltr'>Historiam</span> <span class='ocrx_word' id='word_1_128' title='bbox 1134 3832 1583 3922; x_wconf 86' lang='lat' dir='ltr'>philosophiae</span> <span class='ocrx_word' id='word_1_129' title='bbox 1630 3835 1853 3900; x_wconf 89' lang='lat' dir='ltr'>aetatis</span> <span class='ocrx_word' id='word_1_130' title='bbox 1886 3834 2137 3901; x_wconf 91' lang='lat' dir='ltr'>mediae</span> <span class='ocrx_word' id='word_1_131' title='bbox 2181 3857 2258 3902; x_wconf 89' lang='lat' dir='ltr'>ac</span> <span class='ocrx_word' id='word_1_132' title='bbox 2289 3835 2721 3902; x_wconf 88' lang='lat' dir='ltr'>recentiorum</span> <span class='ocrx_word' id='word_1_133' title='bbox 2766 3843 3132 3921; x_wconf 90' lang='lat' dir='ltr'>temporum</span> <span class='ocrx_word' id='word_1_134' title='bbox 3179 3852 3340 3920; x_wconf 86' lang='lat' dir='ltr'>qua-</span> 
     </span>
     <span class='ocr_line' id='line_1_25' title="bbox 449 3927 1157 4036; baseline 0.001 -22"><span class='ocrx_word' id='word_1_135' title='bbox 449 3960 547 4014; x_wconf 88' lang='lat' dir='ltr'>ter</span> <span class='ocrx_word' id='word_1_136' title='bbox 591 3927 766 4036; x_wconf 45' lang='lat' dir='ltr'>psh.</span> <span class='ocrx_word' id='word_1_137' title='bbox 816 3949 1157 4015; x_wconf 89' lang='lat' dir='ltr'>enarrabit.</span> 
     </span>
    </p>

    <p class='ocr_par' dir='ltr' id='par_1_8' title="bbox 450 4062 3342 4254">
     <span class='ocr_line' id='line_1_26' title="bbox 626 4062 3342 4156; baseline -0.001 -26"><span class='ocrx_word' id='word_1_138' title='bbox 626 4067 687 4150; x_wconf 84' lang='lat'>3)</span> <span class='ocrx_word' id='word_1_139' title='bbox 738 4063 1087 4148; x_wconf 84' lang='lat' dir='ltr'>Quomodo</span> <span class='ocrx_word' id='word_1_140' title='bbox 1136 4063 1423 4131; x_wconf 90' lang='lat' dir='ltr'>calculus</span> <span class='ocrx_word' id='word_1_141' title='bbox 1471 4064 1911 4133; x_wconf 82' lang='lat' dir='ltr'>differentialis</span> <span class='ocrx_word' id='word_1_142' title='bbox 1957 4077 2022 4134; x_wconf 90' lang='lat' dir='ltr'>et</span> <span class='ocrx_word' id='word_1_143' title='bbox 2066 4067 2394 4155; x_wconf 81' lang='lat' dir='ltr'>integralis</span> <span class='ocrx_word' id='word_1_144' title='bbox 2425 4065 2881 4156; x_wconf 75' lang='lat' dir='ltr'>psychologiae</span> <span class='ocrx_word' id='word_1_145' title='bbox 2927 4062 3342 4131; x_wconf 88' lang='lat' dir='ltr'>illustrandae</span> 
     </span>
     <span class='ocr_line' id='line_1_27' title="bbox 450 4179 1839 4254; baseline 0.001 -8"><span class='ocrx_word' id='word_1_146' title='bbox 450 4179 863 4254; x_wconf 89' lang='lat' dir='ltr'>adhibeatur,</span> <span class='ocrx_word' id='word_1_147' title='bbox 914 4179 1081 4246; x_wconf 87' lang='lat' dir='ltr'>binis</span> <span class='ocrx_word' id='word_1_148' title='bbox 1128 4180 1302 4247; x_wconf 87' lang='lat' dir='ltr'>boris</span> <span class='ocrx_word' id='word_1_149' title='bbox 1360 4179 1839 4248; x_wconf 88' lang='lat' dir='ltr'>demonstrabit.</span> 
     </span>
    </p>

    <p class='ocr_par' dir='ltr' id='par_1_9' title="bbox 633 4293 3331 4386">
     <span class='ocr_line' id='line_1_28' title="bbox 633 4293 3331 4386; baseline -0.001 -24"><span class='ocrx_word' id='word_1_150' title='bbox 633 4297 696 4381; x_wconf 82' lang='grc'>4)</span> <span class='ocrx_word' id='word_1_151' title='bbox 746 4297 845 4362; x_wconf 90' lang='lat' dir='ltr'>De</span> <span class='ocrx_word' id='word_1_152' title='bbox 892 4294 1299 4363; x_wconf 83' lang='lat' dir='ltr'>flumboldtii</span> <span class='ocrx_word' id='word_1_153' title='bbox 1344 4293 1542 4374; x_wconf 82' lang='lat' dir='ltr'>libre,</span> <span class='ocrx_word' id='word_1_154' title='bbox 1596 4298 1705 4384; x_wconf 90' lang='lat' dir='ltr'>qui</span> <span class='ocrx_word' id='word_1_155' title='bbox 1750 4296 2123 4365; x_wconf 88' lang='lat' dir='ltr'>inscribitur</span> <span class='ocrx_word' id='word_1_156' title='bbox 2170 4295 2547 4374; x_wconf 84' lang='lat' dir='ltr'>Kosmos,</span> <span class='ocrx_word' id='word_1_157' title='bbox 2598 4297 2696 4364; x_wconf 88' lang='lat' dir='ltr'>bis</span> <span class='ocrx_word' id='word_1_158' title='bbox 2740 4320 2806 4386; x_wconf 92' lang='lat' dir='ltr'>p.</span> <span class='ocrx_word' id='word_1_159' title='bbox 2845 4297 2908 4362; x_wconf 94' lang='lat' dir='ltr'>h.</span> <span class='ocrx_word' id='word_1_160' title='bbox 2963 4294 3331 4384; x_wconf 85' lang='lat' dir='ltr'>disputabit.</span> 
     </span>
    </p>
   </div>
   <div class='ocr_carea' id='block_1_7' title="bbox 1581 4431 2202 4505">
    <p class='ocr_par' dir='ltr' id='par_1_10' title="bbox 1581 4431 2202 4505">
     <span class='ocr_line' id='line_1_29' title="bbox 1581 4431 2202 4505; baseline 0 -9"><span class='ocrx_word' id='word_1_161' title='bbox 1581 4431 1656 4496; x_wconf 71' lang='lat' dir='ltr'>A.</span> <span class='ocrx_word' id='word_1_162' title='bbox 1708 4432 1994 4497; x_wconf 73' lang='grc' dir='ltr'>Μῦιιειι</span> <span class='ocrx_word' id='word_1_163' title='bbox 2016 4478 2034 4505; x_wconf 89' lang='grc'>,</span> <span class='ocrx_word' id='word_1_164' title='bbox 2085 4432 2202 4497; x_wconf 90' lang='lat' dir='ltr'>Dr.</span> 
     </span>
    </p>
   </div>
   <div class='ocr_carea' id='block_1_8' title="bbox 624 4561 3335 5002">
    <p class='ocr_par' dir='ltr' id='par_1_11' title="bbox 627 4561 3335 4883">
     <span class='ocr_line' id='line_1_30' title="bbox 630 4561 3334 4654; baseline 0.002 -25"><span class='ocrx_word' id='word_1_165' title='bbox 630 4566 686 4647; x_wconf 82' lang='lat'>1)</span> <span class='ocrx_word' id='word_1_166' title='bbox 732 4563 1063 4630; x_wconf 90' lang='lat' dir='ltr'>Elementa</span> <span class='ocrx_word' id='word_1_167' title='bbox 1113 4561 1488 4651; x_wconf 89' lang='lat' dir='ltr'>disciplinae</span> <span class='ocrx_word' id='word_1_168' title='bbox 1535 4563 2021 4630; x_wconf 85' lang='lat' dir='ltr'>mathematicae</span> <span class='ocrx_word' id='word_1_169' title='bbox 2070 4563 2420 4652; x_wconf 80' lang='lat' dir='ltr'>(algebram</span> <span class='ocrx_word' id='word_1_170' title='bbox 2469 4579 2533 4633; x_wconf 92' lang='lat' dir='ltr'>et</span> <span class='ocrx_word' id='word_1_171' title='bbox 2579 4564 3019 4654; x_wconf 80' lang='lat' dir='ltr'>geometriam)</span> <span class='ocrx_word' id='word_1_172' title='bbox 3069 4574 3334 4651; x_wconf 76' lang='lat' dir='ltr'>quater:</span> 
     </span>
     <span class='ocr_line' id='line_1_31' title="bbox 627 4676 3335 4768; baseline 0 -25"><span class='ocrx_word' id='word_1_173' title='bbox 627 4676 691 4763; x_wconf 78' lang='lat'>2)</span> <span class='ocrx_word' id='word_1_174' title='bbox 741 4677 1176 4746; x_wconf 86' lang='lat' dir='ltr'>Geometriam</span> <span class='ocrx_word' id='word_1_175' title='bbox 1212 4677 1635 4756; x_wconf 87' lang='lat' dir='ltr'>subtiliorem,</span> <span class='ocrx_word' id='word_1_176' title='bbox 1681 4682 2030 4768; x_wconf 86' lang='lat' dir='ltr'>praecipue</span> <span class='ocrx_word' id='word_1_177' title='bbox 2056 4679 2257 4747; x_wconf 89' lang='lat' dir='ltr'>lineas</span> <span class='ocrx_word' id='word_1_178' title='bbox 2293 4693 2357 4747; x_wconf 91' lang='lat' dir='ltr'>et</span> <span class='ocrx_word' id='word_1_179' title='bbox 2393 4701 2574 4748; x_wconf 85' lang='lat' dir='ltr'>areas</span> <span class='ocrx_word' id='word_1_180' title='bbox 2599 4681 2767 4748; x_wconf 89' lang='lat' dir='ltr'>tertii</span> <span class='ocrx_word' id='word_1_181' title='bbox 2802 4680 3044 4748; x_wconf 90' lang='lat' dir='ltr'>ordinis</span> <span class='ocrx_word' id='word_1_182' title='bbox 3071 4689 3335 4767; x_wconf 89' lang='lat' dir='ltr'>quater;</span> 
     </span>
     <span class='ocr_line' id='line_1_32' title="bbox 627 4792 2043 4883; baseline 0.003 -24"><span class='ocrx_word' id='word_1_183' title='bbox 627 4792 690 4877; x_wconf 83' lang='grc'>3)</span> <span class='ocrx_word' id='word_1_184' title='bbox 740 4793 1051 4883; x_wconf 77' lang='lat' dir='ltr'>Physicen</span> <span class='ocrx_word' id='word_1_185' title='bbox 1096 4793 1612 4861; x_wconf 84' lang='lat' dir='ltr'>mathematicam</span> <span class='ocrx_word' id='word_1_186' title='bbox 1664 4805 1927 4882; x_wconf 90' lang='lat' dir='ltr'>quater,</span> <span class='ocrx_word' id='word_1_187' title='bbox 1980 4807 2043 4863; x_wconf 89' lang='lat' dir='ltr'>et</span> 
     </span>
    </p>

    <p class='ocr_par' dir='ltr' id='par_1_12' title="bbox 624 4908 3119 5002">
     <span class='ocr_line' id='line_1_33' title="bbox 624 4908 3119 5002; baseline 0.002 -28"><span class='ocrx_word' id='word_1_188' title='bbox 624 4909 688 4994; x_wconf 85' lang='grc'>4)</span> <span class='ocrx_word' id='word_1_189' title='bbox 736 4908 1215 4976; x_wconf 81' lang='lat' dir='ltr'>Astronomiam</span> <span class='ocrx_word' id='word_1_190' title='bbox 1262 4911 1548 4977; x_wconf 89' lang='lat' dir='ltr'>omnium</span> <span class='ocrx_word' id='word_1_191' title='bbox 1595 4910 1949 4979; x_wconf 84' lang='lat' dir='ltr'>intellectui</span> <span class='ocrx_word' id='word_1_192' title='bbox 1997 4912 2486 4980; x_wconf 88' lang='lat' dir='ltr'>accommodate</span> <span class='ocrx_word' id='word_1_193' title='bbox 2529 4912 2628 4980; x_wconf 90' lang='lat' dir='ltr'>bis</span> <span class='ocrx_word' id='word_1_194' title='bbox 2673 4935 2738 5002; x_wconf 89' lang='lat' dir='ltr'>p.</span> <span class='ocrx_word' id='word_1_195' title='bbox 2785 4913 2845 4980; x_wconf 91' lang='lat' dir='ltr'>b.</span> <span class='ocrx_word' id='word_1_196' title='bbox 2893 4912 3119 4980; x_wconf 88' lang='lat' dir='ltr'>tradet.</span> 
     </span>
    </p>
   </div>
   <div class='ocr_carea' id='block_1_9' title="bbox 4322 167 4323 912">
    <p class='ocr_par' dir='ltr' id='par_1_13' title="bbox 4322 167 4323 912">
     <span class='ocr_line' id='line_1_34' title="bbox 4322 167 4323 912; baseline 0 0"><span class='ocrx_word' id='word_1_197' title='bbox 4322 167 4323 912; x_wconf 95' lang='lat' dir='ltr'> </span> 
     </span>
    </p>
   </div>
  </div>
 </body>
</html>
