4400 5784
2210 596 2679 668 ,3-

2266 807 2335 871 F.
2384 804 2647 873 Gmont.

1179 897 1275 964 De
1321 896 1646 964 civitatum
1691 894 2180 982 Europaearum
2242 894 2609 961 conditione
2655 914 2739 960 ae
2792 900 2959 961 statu
3006 888 3271 980 publico
3316 888 3479 955 binis
3524 889 3700 956 horis
3746 908 3886 954 ser-

1005 1006 1194 1053 mone
1242 984 1704 1072 francogallico
1751 980 2040 1048 disseret.

2195 1072 2541 1147 FLRGLER,
2592 1072 2706 1139 Dr.

1189 1162 1550 1243 Historiam,
1582 1158 1804 1225 aetatis
1854 1158 2100 1224 mediae
2157 1159 2309 1226 inde
2355 1180 2390 1225 a
2440 1171 2648 1227 morte
2691 1158 3119 1225 Valentiniani
3168 1158 3213 1223 l.
3262 1176 3470 1244 usque
3516 1154 3597 1223 ad
3641 1153 3895 1220 initium

1005 1252 1490 1339 expeditionum
1538 1269 1658 1337 pro
1715 1248 1912 1313 sacris
1961 1246 2335 1402 ChristIianis
2382 1257 2828 1337 susceptarum
2877 1246 3204 1335 quaternis
3252 1245 3425 1313 horis
3472 1243 3766 1312 deducet.

2198 1386 2214 1401 .
2261 1340 2572 1411 Aristeu,
2626 1338 2739 1403 Dr.

1187 1430 1244 1513 1)
1293 1426 1768 1514 Geographiam
1816 1423 2332 1491 mathematicam
2382 1436 2648 1513 quater,
2700 1437 2764 1491 et

1183 1518 1244 1601 2)
1291 1516 1670 1583 Doctrinam
1717 1514 1795 1578 de
1847 1514 1904 1577 vi
1951 1512 2250 1588 elastica,
2302 1525 2639 1602 praeterea
2669 1512 3002 1602 quomodo
3036 1513 3114 1579 ad
3149 1513 3408 1599 opticen
3460 1524 3521 1577 et
3569 1508 3894 1577 acusticen

1008 1606 1462 1681 transferatur,
1515 1615 1741 1690 quater
1789 1623 1850 1691 p.
1902 1602 1962 1667 h.
2010 1600 2289 1669 docebit.
2966 1630 2971 1633 ·

2153 1692 2209 1756 J.
2262 1690 2568 1763 Scaena.
2636 1692 2747 1757 Dr.

1193 1782 1250 1867 1)
1302 1786 1520 1849 Artem
1569 1778 1978 1845 aestheticam
2025 1799 2074 1844 s.
2126 1778 2485 1846 doctrinam
2535 1779 2613 1846 de
2660 1800 2739 1845 eo
2787 1777 2964 1866 quod
3011 1778 3352 1867 pulchrum
3398 1788 3495 1844 est
3543 1776 3738 1843 ternis
3784 1773 3900 1840 ho-

1012 1874 1100 1939 ris
1147 1871 1374 1938 tradet.

1183 1963 1245 2045 2)
1294 1961 1392 2025 De
1463 1956 1912 2023 recentissimis
1975 1954 2171 2021 literis
2238 1958 2624 2043 Europaeis,
2684 1978 2759 2023 ac
2806 1954 3138 2045 quomodo
3200 1954 3529 2045 paullatim
3580 1954 3898 2021 creverint

1016 2064 1208 2137 atque
1257 2060 1544 2115 mutuam
1588 2048 1754 2112 inter
1799 2064 1868 2109 se
1919 2045 2040 2110 vim
2087 2046 2531 2199 exeDrcuerint,
2584 2045 2747 2111 binis
2796 2046 2968 2113 horis
3016 2056 3316 2133 exponet.

2256 2182 2269 2199 .
2326 2136 2550 2206 Fnun.
2601 2136 2717 2200 Dr.

1191 2227 1250 2306 1)
1302 2223 1400 2290 De
1447 2221 1854 2327 philosophia
1901 2221 2123 2287 aetatis
2171 2221 2420 2288 mediae
2467 2233 2530 2289 et
2570 2234 2931 2311 temporum
2978 2222 3405 2289 recentiorum
3456 2230 3716 2308 quaten

1189 2318 1252 2397 2)
1305 2316 1400 2379 De
1442 2334 1590 2400 Jure
1640 2325 1904 2377 naturae
1951 2330 2001 2375 s.
2052 2309 2132 2375 de
2179 2310 2586 2399 philosophia
2627 2311 2789 2398 juris
2839 2324 2965 2383 ter;

1189 2406 1248 2487 3)
1296 2404 1394 2469 De
1441 2400 1693 2468 Goethii
1739 2409 2036 2486 poemate
2083 2399 2259 2485 quod
2306 2402 2655 2466 Faustus
2700 2400 3068 2465 inscribitur
3112 2398 3346 2472 semel,
3400 2411 3461 2465 et

1188 2494 1251 2576 4)
1302 2492 1399 2557 De
1447 2491 1710 2556 historia
1757 2488 1908 2553 artis
1957 2488 2261 2575 pingendi
2306 2486 2403 2553 bis
2451 2511 2517 2578 p.
2572 2487 2633 2553 h.
2687 2488 3048 2575 disputabit.

2217 2576 2291 2643 G.
2341 2596 2427 2643 ne
2478 2578 2697 2643 wrss.

1191 2670 1316 2734 Res
1361 2676 1570 2755 gestas
1619 2665 2058 2731 Helvetiorum
2105 2685 2313 2752 usque
2358 2664 2435 2730 ad
2485 2686 2667 2731 sacra
2713 2665 3049 2732 emendata
3082 2666 3275 2732 ternis
3326 2666 3499 2732 horis
3548 2660 3893 2729 enarrabit.

2046 2754 2124 2819 Η.
2173 2754 2860 2822 Banu-Escnnueunc.

1197 2851 1226 2911 1
1302 2843 1481 2910 Junii
1529 2843 1829 2933 epistolas
1884 2842 2111 2915 ternis,
2165 2852 2229 2907 et

1192 2938 1232 2999 2
1305 2932 1754 3020 Shakespearii
1800 2930 2080 2998 fabulam
2131 2930 2449 3085 »jiic'hard
2496 2932 2627 2998 lii«
2677 2932 2842 2999 binis
2890 2933 3060 2998 horis
3110 2932 3475 3022 explicabit.

2206 3068 2239 3082 ..
2320 3038 2587 3095 ocum,
2643 3022 2755 3088 Dr.

1191 3109 1644 3198 Shakespearii
1715 3107 1962 3174 fabulas
2027 3104 2409 3185 „Macheth«
2472 3121 2536 3175 et
2595 3110 2773 3176 »The
2827 3110 3159 3178 Merchant
3230 3109 3306 3176 of
3366 3110 3645 3175 Venice«
3712 3109 3903 3174 ternis

1017 3201 1188 3267 horis
1237 3196 1626 3289 explanabit.

2163 3283 2246 3351 Ο.
2286 3285 2591 3363 Vomsn,
2641 3288 2755 3353 Dr.

1201 3376 1262 3463 1)
1311 3374 1798 3461 Mineralogiam
1847 3373 2175 3460 quaternis
2224 3372 2423 3449 horis,

1189 3466 1254 3550 2)
1300 3464 1893 3549 Palaeontologiam
1943 3474 2003 3527 et
2052 3474 2471 3549 conspectum
2519 3464 2856 3553 geologiae
2912 3466 3237 3553 quaternis
3284 3466 3483 3538 horis,
3538 3476 3603 3531 et

1194 3558 1254 3639 3)
1305 3554 1650 3621 Historiam
1701 3550 2055 3617 naturalem
2117 3552 2526 3639 tripartitam,
2600 3573 2720 3620 suo
2782 3574 2863 3620 ex
2919 3553 3120 3621 libro:
3199 3558 3635 3621 »Methodisclie
3696 3556 3907 3619 Schuk

1017 3648 1117 3709 der
1161 3644 1722 3728 Il'aturqeschichce«
1746 3686 1763 3715 ,
1817 3640 1985 3705 senis
2032 3638 2206 3703 horis
2256 3640 2483 3707 tradet.

1156 3766 1229 3821 lis
1259 3768 1351 3836 qui
1387 3764 1608 3835 linguas
1635 3763 1988 3829 recentiores,
2012 3764 2073 3815 ut
2107 3760 2597 3832 Franeogaliicam,
2632 3764 2901 3828 italicam,
2932 3764 3244 3833 Anglicam,
3286 3762 3645 3833 Hispanicam
3684 3762 3905 3817 discere

1020 3854 1326 3925 cupierint,
1365 3854 1512 3909 haud
1551 3854 1788 3907 deerunt
1825 3854 2239 3921 praeceptores.

1159 3943 1326 3999 Artes
1363 3942 1669 3997 docebunt:
1707 3938 1938 3993 rudibus
1977 3938 2246 3991 batuendi
2284 3936 2331 3993 J.
2362 3938 2434 3995 G.
2472 3938 2731 4003 Luuwtu,
2768 3941 3058 4013 equitandi
3096 3938 3157 3995 C.
3186 3940 3481 3997 Sannum.
3516 3946 3575 3997 et
3610 3940 3659 3997 J.
3688 3938 3749 3995 C.
3776 3940 3909 4003 Ost,

1021 4031 1343 4088 delineandi
1380 4030 1439 4086 C.
1479 4032 1546 4087 A.
1583 4029 1836 4085 Μϋιιιιιι.
1897 4024 2141 4081 Musices
2177 4030 2329 4082 artes
2368 4027 2621 4083 discendi
2644 4030 2843 4100 ampla
2881 4032 2971 4085 est
3006 4030 3413 4101 opportunitas.

1769 4132 2040 4187 Publica
2075 4132 2356 4188 docendi
2394 4135 2823 4207 discendique
2861 4134 3175 4191 subsidia.

1171 4227 1434 4283 Instituto
1471 4223 1928 4279 medico-clinico
1967 4224 2192 4289 praeest
2232 4218 2291 4276 C.
2326 4220 2389 4277 E.
2429 4221 2637 4289 HAss133
2678 4224 3225 4294 chirurgico-clinico
3260 4222 3333 4279 Η.
3370 4223 3908 4287 ιοοιιιιι-Ζπικαιις

1023 4316 1350 4371 maiocomio
1387 4315 1437 4369 J.
1465 4312 1528 4369 C.
1559 4312 1834 4375 §nouom
1872 4308 2483 4367 clinico-ambulatorio
2522 4310 2569 4367 J.
2610 4310 3133 4381 Locum-Bauium
3172 4326 3367 4368 museo
3392 4314 3711 4369 anatomico
3748 4310 3810 4368 C.
3846 4312 3910 4367 Β.

1025 4405 1281 4469 Lamum
1321 4404 1656 4459 laboratorio
1690 4398 1944 4453 chemico
1976 4395 2024 4449 J.
2053 4396 2111 4452 C.
2141 4396 2354 4453 Lowtc.
2410 4398 2641 4457 Praesto
2672 4404 2759 4456 est
2790 4405 3095 4472 apparatus
3134 4404 3633 4457 instrumentorum
3672 4402 3745 4457 ad
3770 4400 3915 4471 phy-

1026 4496 1182 4551 sicen
1215 4498 1272 4549 et
1299 4492 1716 4559 mineraiogiam
1745 4485 2165 4558 pertinentium,
2189 4491 2248 4541 et
2272 4502 2531 4543 museum
2572 4490 2937 4559 zooiogicum‚
2974 4506 3159 4563 neque
3184 4490 3345 4547 deest
3384 4489 3579 4545 hortus
3601 4488 3913 4547 botanieus.

1167 4581 1514 4639 Bibliotheca
1553 4576 1894 4648 reipublicae
1934 4573 2286 4639 Turicensis,
2322 4575 2655 4633 bibliotheca
2683 4578 2888 4634 civium
2928 4578 3338 4649 Turicensium,
3378 4577 3715 4637 bibliotheca
3740 4584 3913 4635 natu-

1025 4688 1120 4728 rae
1158 4676 1556 4731 scrutatorum,
1595 4662 1936 4722 bibliotheca
1976 4662 2263 4718 societatis
2306 4666 2667 4732 medicorum,
2708 4666 3043 4724 bibliotheca
3081 4669 3367 4725 societatis
3403 4670 3913 4741 jureconsultorum

1024 4762 1261 4835 publicis
1299 4762 1492 4817 usibus
1530 4758 1606 4814 ita
1645 4759 1856 4827 patent.
1897 4751 1976 4806 uti
2013 4751 2359 4821 singularum
2400 4754 2553 4825 leges
2595 4760 2764 4827 atque
2804 4756 3057 4813 instituta
3095 4758 3429 4816 concedunt.

2033 4908 2042 4913 ·
2109 4884 2834 4947 ⁶WK-Q-kv
2878 4920 2907 4929 -
