4400 5784
1562 667 2071 738 ...17...

368 891 430 949 et
478 880 704 969 viginti
769 876 1130 945 cubitorum
1187 876 1405 944 hastae
1465 875 1713 942 miseris
1758 872 2063 941 militibus
2113 870 2604 960 ingerebantur!
2705 869 2936 938 Credat
2979 871 3264 939 Judaeus

368 997 633 1087 Apella!
732 996 913 1063 Mera
974 1000 1124 1060 sunt
1181 992 1513 1059 hominum
1578 990 2090 1058 sedentariorum
2137 988 2426 1061 somnia,
2494 987 2606 1073 qui
2653 1006 2981 1074 nunquam
3042 988 3262 1074 quanti

367 1113 671 1201 ponderis
735 1121 981 1177 tantum
1044 1109 1216 1176 conti
1276 1120 1633 1174 monstrum
1698 1106 1984 1174 futurum
2034 1119 2201 1172 esset
2265 1106 2649 1192 cogitarunt.
2749 1104 2875 1173 Sed
2921 1104 3018 1172 his
3065 1104 3258 1171 rebus

368 1238 591 1294 noster
638 1225 1011 1293 delectatur.

551 1340 878 1424 Quantum
946 1337 1113 1405 idem
1184 1339 1249 1405 in
1296 1337 1605 1404 ordinatis
1674 1337 1960 1424 equitum
2030 1334 2521 1403 decursionibus
2583 1346 2782 1424 ponat
2833 1350 3257 1412 momentum,

368 1480 424 1524 c.
472 1453 731 1532 xvul,
785 1454 893 1521 ubi
940 1453 1079 1542 ejus
1128 1452 1458 1520 doctrinae
1503 1453 1752 1518 initium
1800 1462 1936 1525 est,
1996 1450 2093 1517 his
2128 1450 2352 1530 'verbis
2401 1450 2790 1518 declaravit:
2862 1447 2978 1529 τὰς
3021 1449 3091 1518 δὲ
3134 1455 3264 1518 τῶν

364 1568 613 1638 ἱππέων
655 1567 861 1650 τάξεις
904 1566 1045 1655 ἤτοι
1085 1563 1527 1652 τετραγώνους
1571 1563 1615 1652 ἦ
1656 1561 2051 1652 ἑτερομήκεις
2092 1561 2139 1650 ἢ
2181 1564 2575 1652 ῥομβοειδεῖς
2626 1561 2671 1651 ἢ
2725 1563 3148 1652 ἐμβολοειδεῶ
3193 1569 3260 1632 οἱ

366 1684 494 1772 πρὸ
537 1680 725 1772 ἡμῶν
768 1680 1146 1764 συνέταξαν·
1240 1679 1452 1760 οὐδεὶς
1497 1679 1566 1748 δέ
1583 1731 1599 1758 ,
1673 1675 1761 1759 ὥς
1807 1679 1958 1759 ἔπος
2019 1681 2246 1761 εἰπεῖν,
2316 1683 2540 1765 σαφῶς
2595 1675 2752 1766 ἡμῖν
2805 1678 3132 1765 παρέδωκε
3189 1679 3264 1747 τὸ

370 1797 681 1886 βούλημα.
743 1796 965 1884 διόπερ
996 1794 1177 1884 ἡμεῖς
1204 1798 1311 1865 καὶ
1343 1795 1445 1864 ἐπὶ
1474 1801 1895 1884 καταγραφῆς
1923 1793 2003 1863 τά
2035 1792 2326 1882 σχήματα
2355 1792 2648 1880 τάξομεν,
2694 1792 2871 1874 ὅπως
2900 1792 3264 1864 εὐσύνοπτα

370 1914 645 2002 γένηται.
735 1918 903 1984 Hinc
950 1937 1007 1982 c.
1063 1913 1258 1991 XIX,
1307 1923 1652 2003 postquam
1702 1912 1911 1980 verbis
1958 1912 2134 1979 δοκεῖ
2180 1953 2258 1962 -
2306 1909 2654 1998 παρέχηται
2715 1913 2968 1981 rhombi
3022 1915 3265 1982 sorma-

373 2034 611 2100 tionem
657 2033 735 2098 in
782 2033 1238 2097 universum
1288 2031 1762 2097 consentienter
1810 2028 1941 2095 fere
1989 2051 2135 2095 cum
2184 2027 2495 2104 Arriano,
2543 2027 2656 2095 sed
2715 2027 2971 2097 brevius
3019 2030 3266 2097 indica-

375 2149 500 2221 vit,
552 2135 863 2235 sequente
909 2146 1163 2234 majore
1212 2146 1431 2234 capitis
1478 2156 1661 2232 parte
1710 2144 1789 2211 de
1831 2154 2109 2232 quatuor
2156 2143 2411 2210 rhombi
2459 2144 2802 2233 generibus
2847 2111 3100 2233 proflxe
3147 2168 3265 2212 ex-

372 2264 593 2351 ponit,
644 2283 921 2349 quorum
971 2263 1247 2351 primum
1297 2281 1499 2349 genus
1544 2270 1672 2336 est,
1725 2280 1857 2347 quo
1890 2269 1953 2325 et
1985 2258 2244 2326 ordines
2278 2270 2338 2326 et
2369 2262 2586 2342 series,
2637 2260 2931 2337 alterum,
2984 2283 3117 2350 quo
3163 2285 3267 2329 se-

374 2381 497 2446 ries
544 2389 821 2458 tantum,
874 2378 1131 2445 tertium
1158 2425 1176 2454 ,
1229 2398 1360 2465 quo
1406 2376 1667 2446 ordines
1713 2384 1991 2446 tantum.
2043 2384 2376 2462 quartum,
2430 2397 2562 2462 quo
2611 2398 2729 2442 nec
2774 2378 2972 2444 series
3003 2398 3125 2444 nec
3155 2399 3266 2444 or-

373 2496 551 2562 dines
582 2504 921 2562 servantur
967 2491 1046 2558 ab
1080 2491 1421 2580 equitibus.
1472 2493 1660 2559 Hunc
1706 2513 1952 2558 merum
1999 2490 2212 2557 lusum
2260 2512 2340 2556 ne
2385 2493 2597 2578 primo
2629 2492 2886 2580 quidem
2929 2493 3268 2561 universali

374 2610 455 2678 de
502 2608 788 2676 rhombis
835 2607 1187 2675 formandis
1234 2618 1580 2697 praecepto
1630 2607 1973 2674 convenire
2018 2619 2214 2694 patet.

550 2723 621 2792 C.
668 2721 809 2790 XX
856 2725 943 2790 in.
996 2743 1163 2812 quae
1224 2723 1303 2788 de
1358 2724 1643 2812 equitum
1702 2723 1926 2788 turmis
1987 2721 2181 2789 modo
2239 2723 2341 2790 hie
2412 2723 2608 2790 modo
2676 2724 2806 2791 illic
2868 2724 3267 2793 collocandis

376 2841 657 2908 breviter
705 2839 1043 2916 admonet,
1092 2834 1438 2904 τάσσονται
1494 2877 1562 2888 -
1617 2832 2013 2922 ἐτάχθησαν,
2082 2858 2155 2904 ea
2206 2859 2290 2904 ex
2336 2840 2587 2905 Arriani
2647 2839 2727 2906 de
2774 2840 2897 2906 levi
2943 2853 3266 2910 armatura

374 2956 738 3045 praeceptis
802 2977 854 3020 c.
904 2959 983 3021 21
1037 2954 1101 3022 S.
1150 2976 1214 3041 p.
1270 2957 1356 3021 38
1401 2954 1471 3020 Β.
1548 2947 1704 3030 τούς
1756 2975 1827 3037 γε
1882 2947 2013 3053 μὴν
2057 2989 2139 3000 -—
2188 2947 2552 3037 ὠφελοῦσιν
2607 2955 2804 3042 petita
2847 2970 3012 3024 sunt.
3105 2959 3265 3025 Tum

381 3091 549 3158 qnae
596 3080 955 3157 sequuntur
1011 3068 1093 3135 de
1148 3069 1403 3156 prima
1452 3079 1662 3134 turma
1704 3068 1792 3133 ita
1848 3067 2185 3156 ponenda,
2260 3081 2329 3136 ut
2388 3071 2632 3158 primus
2694 3070 2857 3138 ordo
2905 3072 3268 3158 quindecim

378 3185 664 3272 equitum
712 3185 827 3260 sit,
900 3195 1265 3272 postremus
1312 3183 1478 3250 binis
1524 3184 1875 3271 unicuique
1924 3182 2244 3270 equitibus
2293 3183 2564 3272 demptis
2612 3187 2800 3252 unius
2848 3191 3119 3275 equitis,
3194 3211 3268 3255 ea

388 3319 535 3365 eum
595 3300 859 3366 omnino
907 3310 1042 3365 tum
1088 3301 1368 3366 maxime
1414 3299 1517 3366 hic
1577 3320 1845 3389 prorsus
1880 3319 2007 3364 non
2041 3298 2363 3386 intelligo,
2416 3309 2489 3366 ut
2530 3300 2634 3366 hic
2680 3302 2938 3389 quidem
2982 3305 3274 3393 interpo-

382 3413 684 3480 lationem
730 3415 1094 3502 irrepsisse,
1164 3425 1455 3481 nostrum
1512 3436 1668 3481 vero
1716 3398 1943 3481 ceteris
1992 3415 2243 3481 omissis
2298 3425 2544 3481 tantum
2591 3395 2922 3505 scripsisse
2969 3419 3271 3488 arbitrer:

375 3528 485 3595 καὶ
530 3523 569 3612 ἡ
615 3525 734 3612 μὲν
776 3530 883 3612 ἴλη
928 3525 1172 3594 ἱππέων
1217 3525 1379 3596 ἔστω
1422 3525 1512 3609 ξδ’
1541 3551 1554 3565 ·
1602 3527 1857 3596 ἔσονται
1902 3525 1972 3626 ῥὲ
2018 3529 2089 3593 αἱ
2130 3531 2332 3596 πᾶσαι
2374 3532 2509 3596 ἶλαι
2554 3526 2670 3610 ξδ’.

554 3643 858 3712 Notabile
916 3654 1012 3711 est
1069 3664 1121 3709 c.
1171 3641 1389 3722 XXI,
1454 3643 1564 3711 ubi
1612 3646 1763 3712 satis
1794 3628 2119 3712 'infitiliter
2163 3658 2520 3713 turmarum
2570 3646 2900 3716 doctrinae
2946 3671 2979 3714 a
3027 3671 3096 3716 se
3133 3650 3268 3739 jam

376 3759 741 3848 explicatae
801 3759 1131 3848 epilogum
1188 3758 1361 3827 addit
1419 3760 1499 3827 de
1558 3749 1755 3827 variis
1802 3783 2023 3827 earum
2070 3762 2294 3828 formis
2341 3762 2722 3849 quotidiano
2770 3785 2891 3831 usu
2937 3764 3270 3831 tentandis.

558 3875 843 3943 Maxime
893 3886 1107 3942 autem
1168 3874 1382 3942 valent
1444 3874 1523 3940 ad
1570 3875 2088 3964 perspiciendum
2136 3875 2487 3943 Aelianeae
2542 3889 2604 3943 et
2649 3879 2998 3946 Arrianeae
3045 3900 3272 3946 recen-

382 3991 583 4057 sionis
642 3989 984 4058 discrimen
1042 3989 1215 4057 illius
1283 3991 1491 4072 capita
1548 3987 1762 4058 XXII
1807 4000 1872 4057 et
1914 3988 2159 4058 XXllI
2223 4003 2585 4080 comparata
2642 4014 2788 4060 cum
2835 3993 3026 4081 hujus
3075 4017 3132 4061 e.
3186 4000 3273 4064 28

378 4105 443 4173 S.
501 4128 563 4194 p.
598 4110 683 4172 52
724 4127 821 4194 sq.
859 4108 928 4172 B.
1025 4107 1144 4172 Hic
1191 4105 1359 4172 euim
1410 4098 1555 4172 cum
1604 4105 1792 4172 dicit:
1843 4101 1918 4172 τὸ
1964 4103 2035 4172 δὲ
2077 4109 2208 4171 τῶν
2253 4101 2556 4190 άρμάτων
2598 4107 2704 4172 καὶ
2752 4103 3119 4194 ἐλεφάντων
3161 4106 3276 4187 τάς

376 4243 443 4286 τε
486 4217 695 4300 τάξεις
743 4220 853 4300 ,καὶ
914 4216 995 4286 τὰ
1061 4215 1351 4304 ὀνόματα
1410 4223 1541 4286 τῶν
1599 4215 1841 4301 τάξεων
1897 4221 2005 4287 καὶ
2058 4217 2174 4298 τὰς
2228 4216 2571 4307 ἡγεμονίας
2620 4221 2727 4288 καὶ
2771 4219 2851 4289 τὰ
2895 4219 3143 4290 τούτων
3187 4211 3273 4291 αὖ

376 4330 666 4420 ὀνόματα
718 4333 1029 4431 ἐπεξιέναι
1082 4337 1438 4422 ματαίου
1490 4334 1741 4404 πόνου
1797 4333 1965 4404 εἶναί
2016 4361 2127 4422 μοι
2173 4335 2419 4417 ἔδοξεν,
2485 4333 2582 4403 ὅτι
2639 4336 3269 4425 ἐκλελειμμένας

376 4447 457 4515 ἐκ
500 4453 844 4517 παλαιοῦ
884 4447 1031 4537 ἤδη
1074 4449 1275 4532 λέξειν
1336 4451 1625 4536 ἔμελλον,
1686 4454 1960 4520 scienter
2025 4452 2408 4542 quibusdam
2473 4453 2555 4520 de
2623 4455 2889 4543 antiquo
2958 4475 3264 4523 curruum

378 4576 443 4631 et
490 4565 973 4652 elephantorum
1024 4589 1142 4634 usu
1190 4566 1459 4646 additis;
1512 4568 1811 4635 Aelianus
1858 4552 2122 4642 contra.
2176 4590 2567 4657 quamquam
2615 4569 2817 4645 idem,
2883 4571 2994 4637 sed
3043 4573 3277 4638 invitus

337 4689 345 4698 ’
391 4680 773 4748 confitetur:
844 4682 987 4769 περὶ
1049 4679 1119 4749 δὲ
1175 4686 1289 4768 τῆς
1342 4685 1472 4750 τῶν
1528 4677 1833 4768 ἁρμάτων
1879 4678 2234 4764 συντάξεως
2283 4683 2388 4750 καὶ
2433 4687 2565 4751 τῶν
2609 4679 3004 4771 ἐλεφάντων,
3074 4687 3130 4753 εἰ
3172 4687 3280 4753 καὶ

387 4791 511 4881 τὴν
551 4800 853 4882 χρῆσιν
897 4795 1114 4864 αὐτῶν
1158 4798 1711 4879 σπανίζουσαν
1762 4793 2163 4883 εὑρίσκομεν,
2212 4795 2386 4884 ὅμως
2428 4796 2622 4887 πρὸς
2665 4797 2748 4866 τὸ
2792 4799 3098 4868 τέλειον
3138 4805 3280 4886 τῆς

376 4934 468 4998 γρ
490 4915 699 4997 αφῆς
739 4909 856 4990 τὰς
900 4908 1249 4998 ὀνομασίας
1292 4909 1737 5000 ὑποθήσομεν.
1807 4909 1911 4994 αῖς
1965 4911 2437 5003 κατεχρήσαντο
2498 4918 2564 4983 οἱ
2603 4911 2732 5002 πρὸ
2780 4911 2993 5004 ἡμῶν,
3064 4931 3277 4985 tamen

2821 5031 2857 5086 3
