4400 5784
1755 628 2211 695 -7-

677 832 834 891 initio
873 830 1157 889 Thracum
1195 832 1416 887 constet
1462 832 1744 903 propriam
1791 831 1986 899 tuisse,
2047 837 2144 888 aut
2191 832 2263 889 de
2311 832 2499 905 aliquo
2542 832 2714 898 duce.
2769 832 2863 905 qui
2904 832 3139 889 multum
3176 833 3431 906 peltastis

679 948 814 991 usus
850 932 1048 999 suerit,
1089 933 1150 986 ut
1185 929 1257 985 de
1284 927 1558 997 Chabrle,
1596 930 1667 986 de
1705 930 2004 1000 Agesilao,
2042 933 2130 989 vel
2170 932 2339 987 etiam
2378 932 2450 986 de
2486 930 2841 992 Alexandro,
2878 933 3143 1003 quonlam
3182 932 3431 1004 Iphicra·
3529 992 3533 997 ,

679 1034 752 1089 tie
786 1031 1044 1105 quidem,
1083 1028 1446 1101 pellaelerum
1485 1028 1777 1101 principie,
1818 1043 2024 1085 nomon
2061 1026 2285 1101 longius
2321 1026 2498 1085 abest.
2552 1026 2668 1084 Sed
2706 1026 2845 1083 haec
2883 1034 2939 1085 ct
2974 1044 3078 1100 per
3112 1045 3177 1086 ee
3213 1032 3430 1102 impro-

675 1129 886 1188 babilia
937 1131 1069 1183 sunt
1102 1127 1163 1183 in
1213 1130 1366 1183 tanto
1416 1125 1667 1181 omnium
1713 1126 1970 1195 silentio,
2025 1131 2085 1182 et
2125 1126 2303 1182 multo
2338 1123 2793 1198 improbabiliora
2832 1130 3104 1197 apparent
3141 1129 3427 1198 cogitanti,

677 1242 792 1285 uon
817 1226 1004 1283 solum
1030 1224 1354 1291 Art-lenum,
1387 1223 1482 1296 qui
1507 1222 1842 1295 simpliciter
1862 1224 1986 1281 loco
2011 1224 2282 1297 parallelo
2320 1221 2387 1278 τὸ
2416 1222 2801 1278 πελταστικόν
2822 1224 3091 1290 nominat,
3127 1226 3228 1281 sed
3253 1226 3423 1281 etiam

679 1325 992 1381 Leonem
1027 1326 1089 1378 et
1127 1320 1707 1388 Constantinum,
1747 1336 1986 1395 quorum
2024 1322 2120 1377 ille
2159 1321 2257 1389 Vl,
2294 1318 2527 1386 34-39,
2562 1320 2657 1375 hic
2693 1336 2745 1391 p.
2786 1318 2927 1375 ¹228
2962 1337 3042 1393 sq.
3082 1324 3172 1377 ed.
3208 1321 3421 1380 Meurs.

680 1420 834 1478 hunc
867 1420 941 1476 de
976 1418 1202 1475 ὁπλίσει
1235 1420 1420 1475 locum
1460 1420 1910 1491 exscripserunt,
1950 1419 2209 1491 Argilum
2246 1418 2402 1474 illum
2428 1432 2657 1489 prorsus
2679 1418 2953 1489 ignorare.
3019 1417 3205 1475 Abeat
3239 1419 3424 1490 igitur,

679 1518 828 1574 unde
864 1515 1102 1589 irrepsit.
1174 1514 1445 1571 Aelianus
1483 1515 1634 1572 haud
1670 1516 1842 1572 dubie
1878 1516 2221 1589 scripserat:
2270 1520 2337 1572 τὸ
2368 1516 2469 1570 τοῦ
2500 1516 2989 1570 κελταστικοῦ
3022 1512 3229 1578 ὅπλον,
3276 1518 3425 1575 unde

687 1614 802 1672 Leo
838 1614 876 1670 Ι.
911 1630 961 1671 c.
1000 1612 1042 1686 S
1078 1611 1150 1669 37
1184 1610 1222 1685 ἦ
1254 1617 1362 1668 τῶν
1396 1612 1724 1668 πελταστῶν
1778 1610 2004 1679 ὅπλισις
2057 1614 2259 1669 effecit.
2298 1644 2364 1654 —
2438 1617 2617 1687 χωρὶς
2668 1614 2887 1689 θυρεῶν
2938 1631 2979 1667 α
3000 1612 3171 1669 ὐτῶν
3221 1614 3420 1689 μόνον]

678 1711 868 1781 αὕτό,
903 1716 965 1767 ul
988 1710 1285 1769 Arrianus.
1314 1740 1377 1750 —
1420 1708 1884 1784 ἱππακοντισταί]
1926 1714 2443 1777 ἱππακοντισταί,
2482 1712 2735 1778 αῌᾱοω.
2761 1740 2823 1753 ·-
2868 1714 3245 1785 Ὧιραντίνους
3280 1713 3425 1787 κόρ-

677 1806 882 1886 ρωθειν]
956 1810 1124 1865 Adde
1158 1808 1289 1875 τούς
1324 1813 1458 1865 ante
1494 1809 1654 1885 κόρᾳ.

760 1908 920 1976 Ael.
967 1906 1090 1976 111.
1123 1946 1192 1971 -ι-
1226 1911 1388 1975 Arr.
1424 1930 1478 1975 c.
1509 1912 1552 1974 8
1585 1909 1650 1975 S.
1690 1929 1754 1998 p.
1797 1912 1879 1974 1⁷
1911 1929 2009 1996 sq.
2047 1909 2121 1974 B.
2173 1902 2441 1991 ἑκάστης
2476 1946 2537 1957 -
2572 1902 2846 1996 εὐταξίᾳ.
2925 1906 3251 1975 Prolixius
3284 1929 3419 1975 rem

541 2026 805 2115 exponit
845 2024 1192 2100 Arrianus,
1255 2022 1365 2091 sed
1411 2024 1718 2091 Aelianus
1757 2022 2160 2090 definitiones
2207 2024 2359 2089 artis
2406 2023 2671 2090 tecticae
2718 2044 2801 2089 ex
2847 2023 3107 2089 Aenea
3155 2034 3221 2090 et
3264 2024 3421 2090 Po-

537 2140 761 2230 lybio
809 2140 1180 2230 desumptas
1226 2139 1435 2206 addit:
1487 2135 1646 2221 ὅρον
1695 2176 1776 2187 -—
1823 2133 2124 2223 πόλεμον.
2842 2124 2849 2140 ”

681 2254 1113 2311 Emendundum
1152 2254 1206 2309 in
1244 2253 1592 2309 Aeliano:
1629 2251 1774 2325 πρὸς
1808 2250 1926 2307 τὸν
1959 2250 2123 2322 κατὰ]
2163 2253 2259 2307 τά.

755 2351 915 2421 ΑοΙ.
967 2348 1075 2418 lv.
1110 2388 1179 2417 .-.-.
1208 2349 1380 2419 Arr.
1429 2373 1484 2418 c.
1527 2356 1567 2417 9
1609 2347 1680 2418 S.
1731 2374 1797 2440 p.
1843 2355 2103 2417 18—20
2147 2352 2220 2417 B.
2267 2346 2341 2418 τὸ
2384 2348 2505 2436 μὲν
2552 2388 2633 2399 -
2678 2352 2938 2435 γίνεται.
3008 2351 3109 2419 Ad
3155 2351 3421 2420 verbum

529 2470 668 2537 fere
713 2468 833 2535 sibi
879 2467 1296 2556 respondent,
1348 2468 1468 2533 nisi
1515 2464 1690 2556 quod
1747 2465 1967 2556 paullo
2024 2466 2280 2551 longior
2337 2478 2433 2534 est
2475 2468 2806 2534 Arrianae.
2906 2467 3207 2535 Ceterum
3254 2490 3422 2557 quae

529 2584 610 2653 ab
657 2586 783 2653 hoc
827 2583 978 2651 inde
1026 2582 1236 2672 capite
1282 2583 1351 2648 in
1407 2581 1725 2650 ambobus
1785 2580 2016 2649 libellis
2062 2581 2470 2670 explicantur
2527 2584 2678 2648 artis
2740 2581 3089 2660 vocabula,
3154 2605 3230 2649 ea
3285 2584 3419 2650 fere

534 2702 752 2769 omnia
800 2700 1066 2767 collecta
1113 2700 1399 2765 invenias
1458 2700 1522 2766 in
1577 2696 1692 2765 illo
1744 2707 2052 2784 excerpto
2109 2719 2306 2786 supra
2370 2710 2909 2773 commemorato.
2978 2698 3151 2784 quod
3206 2700 3417 2787 ipsum

527 2818 652 2885 hoc
683 2816 870 2884 titulo
901 2815 1320 2883 instructum:
1371 2810 1668 2899 ἑρμηνεία
1695 2816 1826 2879 τῶν
1857 2808 2449 2899 ἐπιστρατευμᾶτων
2476 2812 2583 2879 καὶ
2612 2816 2972 2898 πολεμικῶν
3004 2810 3419 2895 παρατάξεων

529 2934 770 3018 φωνῶν
815 2929 1189 3021 appendicis
1237 2930 1386 2996 loco
1433 2926 1678 2997 Suidae
1722 2928 2162 3017 subjungitur,
2216 2929 2456 2995 editum
2503 2930 2694 2995 etiam
2742 2950 2779 2993 a
2808 2928 3312 2996 montefalconio
3356 2930 3421 2995 in

528 3045 820 3115 biblioth.
870 3045 1138 3113 Coislin.
1187 3068 1255 3133 p.
1309 3048 1683 3119 505—513.
1775 3043 1958 3112 Unde
2004 3043 2189 3109 facile
2236 3055 2435 3130 patet,
2486 3065 2679 3131 quam
2726 3043 3049 3130 frequenti
3096 3065 3215 3110 usu
3260 3044 3417 3111 haec

533 3160 740 3247 prima
785 3162 879 3227 rei
925 3160 1212 3227 militaris
1258 3160 1574 3226 elementa
1620 3158 1858 3225 suerint
1901 3160 2068 3225 trita.

743 3271 1173 3328 Emendandum
1209 3274 1264 3328 in
1302 3273 1610 3331 Aeliano
1644 3288 1748 3344 pro
1783 3269 1905 3343 μετ’
1937 3270 2140 3339 αὖτοὺς
2174 3268 2421 3327 ὄπισθεν
2452 3304 2507 3349 -Ι
2535 3292 2599 3341 μ.
2636 3270 2865 3335 αὐτόν,
2903 3274 3051 3344 quod
3076 3274 3256 3345 ipsum
3280 3291 3329 3330 s.
3358 3288 3411 3328 v.

672 3369 981 3441 ἐπιστάτης
1016 3374 1344 3443 excerptum
1383 3372 1641 3429 servavit.
1716 3372 1882 3443 Apud
1920 3370 2223 3427 Arrianum
2260 3373 2383 3427 loco
2420 3369 2691 3441 parallelo
2736 3370 2887 3440 μετὰ
2929 3378 3203 3427 τούτων
3242 3372 3415 3429 Blan-

672 3467 829 3524 cardi
868 3468 1092 3523 demum
1130 3469 1342 3525 incuria
1379 3470 1595 3526 invexit
1632 3484 1734 3540 pro
1771 3470 1936 3524 τοῦτ
1950 3487 2056 3535 ον,
2093 3468 2241 3540 quod
2282 3466 2452 3525 habet
2488 3467 2823 3554 Schefl'erus.

752 3566 914 3634 Ael.
961 3561 1038 3632 V.
1071 3571 1346 3635 =Arr.
1401 3591 1457 3635 c.
1496 3573 1579 3634 10
1614 3579 1679 3634 et
1727 3573 1801 3634 11
1854 3569 1940 3634 in.
1987 3565 2057 3633 S.
2107 3590 2168 3656 p.
2205 3572 2291 3633 20
2321 3590 2419 3655 sq.
2469 3570 2545 3635 B.
2596 3564 2714 3653 χρὴ
2766 3606 2839 3618 ——
2893 3568 3409 3655 συντεταγμένος.

522 3682 739 3749 Paene
804 3681 884 3749 ad
957 3681 1226 3751 verbum
1295 3684 1673 3758 concinunt,
1747 3684 1868 3750 nisi
1937 3682 2114 3771 quod
2167 3683 2479 3750 Arrianus
2526 3680 2983 3771 Xenophontis
3046 3686 3259 3752 locum
3328 3707 3409 3751 ex

521 3796 728 3866 Anah.
780 3800 892 3876 lv,
929 3803 994 3875 3,
1033 3805 1117 3864 27
1166 3798 1374 3865 affert.

740 3920 1115 3977 Emendanda
1152 3922 1212 3977 in
1248 3922 1594 3979 Arriano:
1630 3920 1750 3978 ὅτε
1786 3918 2028 3997 πρῶτον]
2079 3920 2234 3977 ἅτε.
2290 3949 2345 3961 -
2388 3928 2556 3991 μεῖον
2590 3924 2689 3975 καὶ
2728 3922 2949 3989 πάντως
2983 3940 3044 3977 τε
3079 3926 3160 3995 τῷ
3189 3922 3411 3997 ἡμίσει]

665 4016 794 4073 Non
831 4025 986 4075 recte
1025 4019 1194 4075 vertit
1231 4018 1585 4076 Schetl'erus:
1624 4021 1816 4093 quod
1853 4034 2017 4077 vero
2053 4020 2281 4075 minue
2317 4020 2483 4091 quid
2522 4035 2727 4090 quam
2770 4025 2993 4075 totum
3032 4021 3409 4079 dimidium

661 4115 774 4172 eit.
843 4115 968 4171 Hoc
1003 4116 1113 4173 dici
1153 4116 1430 4173 debebat:
1465 4119 1629 4187 μεῖόν
1670 4137 1738 4174 τι
1789 4118 2060 4185 παντὸς
2107 4120 2232 4190 τρῦ
2270 4116 2592 4188 ἡμίσεος.
2665 4117 2861 4173 Potius
2896 4126 3066 4187 μεῖον
3092 4118 3314 4187 πάντως
3350 4141 3413 4176 τε

656 4217 788 4267 καὶ
825 4212 902 4268 τὸ
925 4222 1244 4283 μετστον
1272 4214 1824 4288 τῷἧμισειιοῐίρείῑ,
1857 4217 1910 4272 h.
1929 4232 1981 4274 o.
2000 4216 2343 4273 cnomotiam
2362 4230 2495 4270 vero
2530 4230 2680 4270 cum
2712 4216 2999 4272 omnino
3039 4223 3173 4273 tum
3212 4219 3412 4273 mini·

654 4324 830 4369 mum
867 4312 1154 4369 dimidia
1190 4317 1397 4385 parte
1433 4314 1772 4371 minorem
1805 4330 1936 4371 esse
1973 4314 2140 4371 locho
2171 4318 2277 4370 etc.
2304 4341 2373 4353 —
2398 4308 2467 4365 οὗ
2499 4316 2621 4366 τοι
2660 4312 3013 4381 φαυλότατα]
3040 4312 3108 4366 οὐ
3139 4315 3223 4367 τὰ
3246 4335 3311 4381 φ.
3340 4342 3408 4357 --

727 4408 1163 4466 Emendandum
1199 4411 1258 4466 in
1295 4411 1629 4467 Aeliano=
1667 4408 1776 4466 ὑπὸ
1805 4412 2048 4486 λοχαγῷ]
2088 4414 2183 4467 ἐπὶ
2219 4414 2269 4465 λ.

732 4527 891 4595 Ael.
937 4528 1044 4595 Vl.
1079 4564 1152 4595 =
1180 4532 1346 4598 ΛΠ.
1396 4552 1453 4597 c.
1513 4534 1588 4596 11
1641 4526 1710 4596 S.
1759 4553 1821 4619 p.
1868 4535 1953 4597 23
2001 4533 2074 4598 B.
2123 4530 2569 4620 Συλλοχισμὸς
2624 4573 2692 4586 -
2745 4540 3048 4602 καλεῖται.

733 4642 895 4710 Ael.
942 4640 1085 4710 vll.
1118 4648 1389 4712 ΞΛΜ.
1444 4668 1500 4713 c.
1559 4650 1641 4711 12
1688 4656 1752 4713 et
1803 4650 1882 4712 13
1932 4647 1994 4715 S.
2042 4669 2107 4736 p.
2157 4652 2420 4715 23-27
2464 4651 2535 4716 B.
2602 4645 2678 4715 τὸ
2725 4646 2796 4715 δὲ
2840 4647 3102 4740 σύμπαν
3146 4690 3230 4701 --
3278 4650 3407 4719 ἔσε-

519 4760 699 4821 σθαι.
772 4757 874 4823 Ad
913 4756 1182 4826 verbum
1213 4760 1350 4827 fere
1382 4761 1814 4841 consentiunt,
1865 4762 1987 4829 nisi
2018 4764 2196 4851 quod
2226 4767 2537 4833 Arrianus
2570 4768 2933 4833 accuratius
2979 4766 3060 4833 de
3105 4768 3409 4835 varianda

517 4890 642 4959 pro
687 4870 816 4939 loci
861 4884 1090 4941 natura
1136 4875 1296 4942 levis
1352 4886 1716 4943 armaturae
1771 4878 2091 4966 positione
2146 4881 2277 4968 agit
2320 4880 2480 4959 (vid.
2532 4880 2759 4966 infra),
2819 4881 3125 4949 Aelianus
3183 4895 3407 4950 contra
