4400 5784
2417 592 3050 693 -26-'

1390 829 1575 896 Patet
1631 831 1693 894 in
1762 831 2067 908 Arriano,
2132 825 2400 896 Aeliano
2465 839 2528 895 et
2575 829 2784 896 lexico
2848 827 3108 894 eandem
3176 827 3334 892 hanc
3387 845 3524 892 esse
3587 825 3900 912 equitatus
3941 823 4063 888 divi-

1216 966 1496 1012 sionem:

1220 1085 1991 1169 1)KATA‹1⁵PAKT01
2200 1083 2288 1171 ll)
2413 1095 2474 1152 A
2611 1089 2675 1150 Φ
2808 1087 2868 1148 Ρ
2996 1090 3057 1150 Α
3191 1086 3258 1148 Κ
3395 1087 3456 1147 T
3577 1085 3637 1147 0
3775 1085 3816 1145 Ι

2040 1407 2097 1488 1)
2143 1402 2678 1490 δορατοφόροι
3099 1363 3110 1378 ⁹
3261 1403 3324 1486 2)
3371 1400 3930 1489 ἀκροβολισταί

2685 1518 2698 1694 Ι
3295 1517 3307 1695 Ι
3911 1513 3922 1686 Ι

1732 1723 1795 1796 a)
1830 1727 2222 1798 δορατοφόροι
2257 1724 2411 1788 ἰδίως
2495 1725 2558 1790 b)
2596 1723 2952 1797 θυρεοφόροι
3058 1722 3122 1795 a)
3169 1727 3500 1797 ῙΙαρανττνοι
3637 1719 3708 1794 b)
3745 1717 4061 1784 ἱπποτοξόται

1834 1813 1954 1868 sive
1988 1813 2345 1886 ξυστοφόροι
3778 1811 3790 1822 “
3979 1807 3987 1820 ’

1832 1904 1951 1956 sive
1989 1901 2344 1976 κοντοφόροι

2829 2011 2888 2074 α)
2933 2009 3264 2076 Ταραντῖνοι
3331 2009 3394 2080 β)
3429 2007 3676 2076 ἐλαφροί

2593 2097 2746 2160 ἰδίως
2771 2101 2889 2152 τίη
2914 2095 3336 2152 ἱππακοντισταί

1401 2219 1887 2305 Asclepiodotus
1936 2231 2159 2288 contra
2206 2222 2360 2288 haec
2407 2223 2526 2288 tria
2573 2222 2855 2310 equitum
2901 2223 3041 2307 εἴδη
3087 2221 3444 2290 constituit:

1312 2360 1361 2444 Ι)
1406 2357 1853 2427 ἘΓΓΤΘΕΝ
1892 2366 2498 2430 ΜΑΧΟΜΕΝΟΝ
2692 2365 2773 2448 ΙΙ)
2821 2367 3161 2434 ΜΕΣΟΝ
3371 2363 3491 2446 111)
3545 2357 4012 2428 ΠΟΡΡΩΘΕΝ

2632 2481 3222 2566 Ἀκροβολισταί
3423 2472 4004 2544 ΜΑΧΟΜΕΝΟΝ

2275 2490 2284 2666 Ι
3535 2581 3861 2664 τοξόται
3899 2575 3938 2662 ἢ

3587 2687 3908 2756 Σκύθαι.

1362 2689 1424 2762 1)
1461 2649 1865 2764 δορατοφόροτῖ
2026 2687 2091 2760 2)
2130 2691 2492 2764 θυρεοφόρων
2679 2583 2691 2763 Ι

1354 2781 1475 2836 sive
1510 2780 1881 2853 ξυστοφόρων
2471 2779 2533 2850 1)
2570 2781 2817 2867 ἐλαφροί
2921 2777 2988 2853 2)
3031 2784 3364 2854 Ταραντῖνοι

1400 2889 1549 2955 Duo
1608 2891 1709 2957 hic
1766 2889 2110 2956 observare
2166 2887 2338 2962 licet.
2403 2890 2675 2975 primum
2733 2888 2904 2976 quod
2967 2888 3201 2954 rectius
3267 2885 3766 2976 Asclepiodotus
3839 2901 3950 2945 non
3999 2893 4046 2938 ex

1226 3015 1593 3072 armaturae.
1630 3002 1849 3078 modo,
1918 3003 2029 3069 sed
2100 3024 2183 3069 ex
2239 3001 2559 3090 pugnandi
2620 3003 2868 3070 ratio'ue
2929 3024 3074 3069 suas
3119 3003 3345 3070 classes
3389 3001 3619 3069 fecisse
3668 3001 3914 3066 videtur
3952 3013 4053 3080 pro-

1228 3131 1480 3204 pterea,
1544 3118 1715 3206 quod
1764 3118 2009 3204 singula
2074 3139 2246 3184 arma
2301 3116 2376 3183 ad
2437 3117 2778 3204 tegendum
2841 3138 3076 3205 corpus
3138 3128 3263 3184 tam
3309 3117 3485 3184 varie
3531 3119 3830 3184 videntur
3887 3123 3944 3176 et
3978 3108 4049 3172 de·

1228 3245 1423 3299 tracta
1474 3244 1533 3299 et
1578 3233 1831 3322 adjecta
1876 3251 2015 3300 esse
2077 3232 2339 3320 siugulis
2385 3233 2667 3321 equitnm
2716 3231 3089 3320 generibus,
3159 3243 3230 3298 ut
3277 3233 3384 3299 vix
3441 3253 3516 3299 ac
3562 3255 3646 3300 ne
3705 3232 3809 3296 vix
3855 3223 4047 3315 quidem

1224 3349 1325 3414 illa
1370 3350 1533 3416 inter
1579 3347 2015 3436 cataphractos
2083 3359 2145 3414 et
2190 3345 2526 3435 aphractos
2588 3347 2842 3436 partitio
2899 3346 3266 3437 quadratam
3327 3346 3554 3414 deinde
3617 3345 3793 3435 quod
3839 3337 4045 3409 aci-obo-

1226 3465 1393 3530 listas
1439 3485 1589 3531 suos
1636 3461 1870 3530 diserte
1917 3474 2236 3550 tamquam
2301 3463 2568 3530 mediam
2613 3463 2872 3530 classem
2919 3462 3215 3543 inseruit,
3275 3463 3514 3530 scilieet
3571 3475 3642 3530 ut
3698 3461 3929 3548 equites
3975 3453 4046 3516 ha·

1226 3580 1403 3646 beret
1452 3578 1660 3645 medio
1713 3578 1994 3666 peditum
2039 3578 2258 3666 generi
2307 3579 2488 3666 quasi
2539 3587 2984 3664 congruentes.

1404 3697 1608 3776 Quam
1665 3695 1834 3761 varie
1889 3691 2276 3761 theoreticae
2323 3691 2630 3782 quaedam
2688 3691 3125 3761 meditationes
3186 3693 3266 3760 ah
3320 3693 3492 3762 hisce
3548 3690 3898 3761 hominihus
3945 3703 4050 3749 um·

1226 3810 1551 3877 bratilibus
1598 3809 1833 3876 fuerint
1884 3809 2188 3898 jactatae,
2246 3810 2384 3899 ejus
2429 3830 2690 3899 quoque
2733 3809 2826 3876 rei
2883 3809 3129 3896 insigne
3173 3809 3480 3878 habemus
3523 3811 3589 3876 iu
3649 3797 4051 3892 Asclepiodoto

1225 3937 1287 3991 et
1333 3925 1601 3991 Aeliano
1648 3925 2025 4012 comparatis
2070 3925 2454 4013 exemplum.
2549 3928 2621 3991 lu
2669 3925 3039 3992 memoriam
3083 3946 3323 3993 revoco
3385 3963 3464 3976 —
3514 3925 3636 3993 vid.
3687 3921 3752 3992 Κ
3793 3943 3850 4009 p.
3883 3919 3954 3983 16
3990 3943 4049 3954 -‘

1224 4039 1469 4107 Aeliani
1516 4059 1649 4128 cap.
1702 4037 1801 4120 X,
1876 4059 2005 4128 quo
2050 4039 2374 4127 majorum
2422 4052 2484 4107 et
2527 4039 2844 4108 minorum
2899 4038 3194 4107 ordinum
3242 4039 3540 4109 ductores
3598 4033 3950 4109 fortitudine
3993 4021 4048 4089 ad

1226 4157 1501 4222 calculos
1548 4165 1845 4222 revocata
1890 4150 2052 4221 mel
2094 4150 2369 4241 τετράδα
2414 4153 2720 4223 collocari
2762 4155 3073 4245 jubentur
3111 4157 3220 4234 ita,
3267 4169 3337 4225 ut
3385 4155 3618 4226 virtute
3681 4155 3954 4245 princeps
4002 4141 4046 4203 5¹¹

1222 4272 1447 4337 dextra
1512 4269 1725 4337 dextri
1789 4271 2000 4337 lateris
2044 4279 2250 4357 parte,
2321 4271 2638 4338 secundus
2695 4272 2760 4338 in
2803 4272 3042 4340 sinistri
3083 4271 3367 4350 sinistra,
3425 4273 3650 4340 tertius
3703 4273 3768 4339 in
3810 4258 4044 4353 ejudem

1224 4387 1489 4459 dextra.
1559 4397 1823 4474 quartus
1868 4386 1932 4452 in
1979 4385 2191 4452 dextri
2247 4386 2496 4453 sinistra
2553 4387 2934 4464 collocetur,
2993 4387 3116 4455 hoc
3161 4387 3356 4474 igitur
3399 4387 3621 4454 modo:

2755 4511 2796 4576 δ
2969 4535 3011 4576 α

1398 4632 1585 4701 Hanc
1614 4634 1881 4701 eandem
1928 4633 2283 4702 doctrinam
2321 4513 2608 4722 {aemath
2651 4624 2802 4702 sane
2846 4644 2911 4702 et
2955 4635 3386 4704 scholasticam
3421 4632 3890 4723 Asclepiodotus
3917 4633 4036 4707 ⁴1⁰⁰·

1222 4772 1347 4838 ‘lue
1390 4773 1445 4815 θ·
1488 4746 1591 4816 ῙΠ
1622 4750 1990 4837 θΧΡῙὶθΝἱῑ,
2036 4751 2122 4816 ita
2154 4759 2392 4826 tamen,
2441 4760 2510 4818 ut
2539 4751 2750 4839 paullo
2785 4752 3005 4818 melius
3032 4773 3152 4840 pro
3187 4751 3480 4820 ordinum
3512 4746 3868 4820 ductoribus
3896 4741 4027 4803 certe

1220 4867 1392 4954 ipsos
1436 4864 1835 4934 substituerit
1880 4863 2157 4933 ordiueS.
