4400 5784
1808 639 2276 708 .—5—·

594 840 895 928 'Lugduni
925 836 1063 908 Bat.
1100 861 1155 906 a.
1195 845 1364 908 1613
1390 843 1468 926 *);
1515 839 1623 908 ille
1650 842 1845 928 igitur
1890 841 2163 918 libellus,
2212 843 2322 930 qui
2353 843 2668 908 Αἰλιανοῦ
2711 839 2856 926 περὶ
2900 843 3336 930 στρατηγικῶν
3377 839 3486 908 τά·

600 957 762 1036 ξεων
822 953 1169 1040 ἑλληνικῶν
1212 956 1463 1042 βιβλίον
1515 955 1915 1032 inscribitur,
1981 970 2242 1046 praeter
2301 957 2706 1046 prooemium
2765 955 3050 1024 Adriano
3109 957 3483 1044 imperatori

589 1073 967 1160 inscriptum
1030 1071 1239 1160 capita
1286 1073 1425 1138 Llll
1483 1082 1653 1142 tenet
1707 1085 1769 1142 et
1821 1074 2068 1160 integer
2121 1085 2316 1160 atque
2383 1073 2592 1160 primo
2647 1083 2912 1159 aspectu
2965 1084 3132 1138 totus
3192 1073 3480 1138 sincerus

590 1187 862 1257 videtur.
954 1187 1286 1254 Arriani
1345 1189 1453 1274 qui
1485 1187 1689 1254 fertur
1718 1187 1971 1256 libellus
2013 1189 2292 1275 primum
2326 1210 2361 1253 a
2409 1185 2877 1260 Scbeffero‚
2931 1187 3043 1276 qui
3089 1187 3478 1274 descriptum

596 1325 679 1374 ex
728 1303 953 1371 codice
998 1302 1466 1375 Mediolanensi
1528 1325 1565 1369 a
1610 1304 1865 1392 Bigotio
1912 1313 2282 1392 acceperat,
2354 1323 2479 1370 una
2526 1325 2672 1370 cum
2721 1303 3037 1370 Mauricio
3085 1303 3372 1391 Upsaliae
3419 1324 3475 1369 a.

598 1423 771 1485 1664
815 1418 1025 1486 editus
1087 1429 1207 1494 est,
1276 1419 1459 1506 cujus
1520 1418 1866 1486 editionem
1914 1419 2162 1485 omissis
2211 1430 2459 1485 tantum
2506 1419 2786 1506 capitum
2835 1417 3269 1486 notationibus
3315 1419 3474 1485 inte-

590 1555 772 1622 gram
819 1535 1103 1621 repetiit,
1176 1533 1289 1602 sed
1339 1537 1751 1620 conjunctam
1802 1555 1948 1602 cum
2013 1533 2151 1600 aliis
2196 1534 2449 1600 Arriani
2498 1532 2826 1621 opusculis
2873 1533 3178 1600 Nicolaus
3223 1533 3475 1599 Blan-

588 1648 883 1716 cardus
930 1648 1393 1718 Amstelodami
1446 1653 1611 1716 1683
1660 1662 1723 1715 et
1774 1654 1964 1716 1750.
2064 1651 2123 1716 ls
2172 1671 2304 1716 non
2371 1648 2580 1716 solum
2632 1648 2817 1716 titulo
2881 1661 2940 1714 et
2985 1649 3170 1715 initio
3220 1647 3467 1716 mutila-

586 1778 724 1840 tus,
761 1764 890 1859 ‚sed
938 1765 1127 1830 etiam
1174 1764 1569 1830 intermediis
1616 1763 1889 1832 subinde
1934 1764 2181 1832 lacunis
2229 1763 2629 1852 deturpatus,
2681 1763 2934 1830 duabus
2981 1775 3230 1830 constat
3275 1765 3475 1852 parti-

579 1879 705 1946 bus
752 1893 1131 1968 argumento
1196 1891 1509 1967 cognato,
1560 1880 1671 1945 sed
1732 1891 1947 1946 tamen
2009 1878 2334 1954 dissimili,
2412 1900 2686 1967 quarum
2749 1881 2934 1967 prior
2983 1880 3059 1965 (c.
3117 1885 3324 1945 1—45
3375 1879 3474 1945 ed.

584 1993 819 2062 Schefl'.
875 2018 939 2082 p.
988 1999 1207 2060 3—74
1255 1994 1353 2060 ed.
1402 1995 1654 2081 Blanc.)
1704 1995 1928 2061 eadem
1977 2006 2204 2061 tractat
2251 2009 2445 2082 atque
2489 1994 2739 2061 Aeliani
2788 1995 3208 2082 opusculum,
3275 1993 3476 2060 altera

586 2111 663 2194 (c.
714 2115 977 2176 46-66
1026 2108 1097 2176 S.
1147 2132 1211 2198 p.
1265 2115 1526 2177 75—97
1576 2107 1677 2196 B.)
1737 2109 1817 2176 de
1865 2109 2433 2177 exercitationibus
2499 2109 2784 2199 equitum
2847 2111 3287 2175 Romanorum
3347 2110 3477 2194 agit
3587 2197 3600 2206 .

584 2226 787 2313 magis
836 2225 916 2294 ad
964 2225 1453 2292 ostentationem
1499 2225 1823 2312 quam'ad
1872 2227 2011 2292 veri
2055 2224 2210 2291 belli
2257 2247 2442 2292 usum
2490 2226 2832 2298 institutis,
2887 2227 2990 2290 cui
3035 2236 3312 2292 tractatu
3356 2247 3474 2290 ex-

588 2353 797 2407 tremo
846 2341 1137 2428 epilogus
1186 2340 1488 2406 adhaeret
1550 2341 1856 2429 vigesimo
1913 2341 2167 2428 imperii
2227 2340 2574 2406 Hadrianei
2635 2362 2840 2415 anno,
2901 2341 3028 2406 boc
3084 2351 3180 2407 est
3236 2361 3294 2406 a.
3347 2345 3472 2406 137

576 2478 649 2544 p.
705 2454 821 2524 Cb.
870 2478 933 2524 n.
966 2457 1280 2544 scriptus,
1334 2453 1521 2544 cujus
1563 2457 1632 2522 in
1678 2455 1807 2522 fine
1854 2455 2141 2523 additur:
2190 2450 2536 2540 Ἀρριανοῦ
2581 2453 2766 2540 τέχνη
2811 2450 3091 2538 τακτικὴ.
3160 2458 3324 2522 Tum
3367 2479 3472 2522 se-

578 2573 801 2658 quitur
852 2567 1197 2652 Ἀρριανοῦ
1257 2568 1501 2650 ἔκταξις
1556 2567 1719 2638 κατὰ
1760 2565 2066 2638 Ἀλανῶν.
2146 2571 2272 2638 Sed
2329 2571 2410 2638 de
2467 2571 2590 2638 hoc
2645 2571 2907 2658 epilogo
2969 2584 3031 2637 et
3079 2572 3346 2638 omnino
3391 2571 3471 2637 de

584 2687 783 2780 altera
832 2687 1129 2776 opusculi
1172 2697 1357 2775 parte
1406 2686 1638 2753 deinde
1698 2685 2075 2755 videbimus.
2170 2686 2356 2753 Nunc
2404 2686 2484 2752 de
2532 2687 2752 2774 priore
2796 2700 2976 2773 parte
3022 2699 3108 2763 et,
3161 2709 3324 2774 quae
3369 2688 3469 2753 in-

576 2816 675 2868 ter
721 2823 861 2868 eam
910 2814 1104 2888 atque
1148 2801 1397 2867 Aeliani
1446 2801 1732 2868 libellum
1778 2803 1944 2867 ratio
1991 2802 2380 2878 intercedat,
2431 2823 2716 2888 agamus.

748 2919 842 2984 Ea
888 2917 1077 2984 facile
1124 2915 1325 2986 tribus
1372 2917 1585 2983 verbis
1628 2917 1899 2984 indicari
1948 2926 2178 3003 potest.
2260 2914 2461 2983 Sunt
2509 2918 2715 2984 enim
2763 2917 2913 2984 duo
2961 2917 3127 2993 illi,
3180 2919 3311 3004 qui
3359 2918 3466 2984 di-

574 3035 791 3099 versi
852 3032 1381 3100 diversorum
1452 3043 1875 3098 auctorum
1946 3032 2327 3098 feruntur
2397 3031 2697 3107 libelli,
2773 3032 2968 3100 nibil
3033 3032 3260 3100 aliud
3319 3033 3469 3098 nisi

576 3150 813 3214 unius
862 3147 1383 3236 ejusdemque
1432 3145 1627 3213 libri
1675 3146 2054 3212 diversae
2102 3147 2632 3213 recensiones
2677 3148 2848 3213 sive
2895 3147 3313 3214 editiones.
3397 3148 3465 3214 ld

572 3260 819 3349 «liquide
867 3262 1293 3329 demonstrari
1339 3275 1544 3350 potest
1595 3284 1741 3329 cum
1790 3283 1871 3326 ex
1922 3283 2268 3336 consensu,
2321 3273 2453 3328 tum
2501 3283 2582 3327 ex
2632 3261 2920 3328 dissensu
2968 3283 3211 3329 eorum.

753 3381 999 3464 Atque.
1074 3388 1144 3444 ut
1190 3399 1227 3443 a
1280 3399 1690 3444 consensu
1738 3377 2048 3444 faciamus
2105 3377 2392 3454 initium,
2465 3398 2611 3443 cum
2673 3378 2939 3444 omnino
2984 3399 3233 3444 summa
3280 3379 3345 3444 in
3390 3380 3465 3444 iis

580 3493 929 3582 conspicua
977 3504 1074 3558 est
1110 3483 1246 3558 ¹non
1295 3492 1505 3560 solum
1551 3493 1939 3582 argumenti,
1987 3491 2098 3558 sed
2146 3493 2334 3558 etiam
2381 3492 2624 3558 ordinis
2673 3505 2865 3579 atque
2913 3495 3333 3559 enarrationis
3379 3495 3466 3560 si-

584 3607 909 3684 militudo.
960 3621 1093 3674 tum
1140 3631 1223 3674 ex
1271 3609 1581 3696 quinqu
1602 3609 1855 3695 aginta
1904 3607 2061 3674 trib
2081 3629 2167 3674 us
2212 3609 2460 3675 Aeliani
2508 3606 2823 3694 capitibus
2871 3629 3001 3674 non
3051 3609 3260 3675 minus
3307 3610 3464 3675 tri-

573 3723 789 3810 ginta
838 3744 1127 3789 novem
1177 3723 1254 3808 (c.
1315 3729 1501 3788 1—9.
1544 3729 1641 3788 11.
1682 3728 1965 3788 13-20,
1997 3727 2283 3789 24—31.
2318 3728 2600 3790 35—-37,
2639 3727 2923 3789 39-42.
2973 3726 3278 3808 [ιθ-53.)
3316 3747 3464 3792 cum

580 3849 719 3904 toto
775 3840 1030 3904 Arriani
1090 3839 1329 3926 scripto
1386 3875 1470 3886 -
1536 3839 1899 3905 volumus
1946 3839 2146 3904 enim
2196 3838 2814 3906 commoditatis
2879 3853 2952 3904 et
3023 3838 3465 3907 brevitatis

566 3955 833 4040 gratia
890 3955 1205 4022 nomina
1264 3953 1517 4020 adhuc
1576 3955 1935 4021 retinere
1986 3991 2063 4002 -—
2115 3965 2178 4020 et
2225 3954 2398 4042 quod
2457 3976 2560 4020 res
2627 3966 2689 4021 et
2735 3953 2914 4041 quod
2957 3954 3206 4039 singula
3254 3977 3462 4044 paene

582 4068 893 4136 vocabula
941 4071 1162 4136 attinet
1194 4071 1670 4136 accuratissime
1702 4070 2069 4136 concinunt.
2120 4071 2296 4134 Haec
2341 4071 2534 4157 igitur
2581 4071 2786 4155 capita
2820 4071 3098 4158 primum
3147 4071 3462 4159 perstrin-

570 4207 757 4272 gam,
826 4197 896 4253 ut
940 4185 1152 4262 simul,
1202 4209 1367 4273 quae
1410 4199 1561 4273 post
1606 4184 1884 4252 editores
1944 4184 2097 4251 mibi
2140 4183 2408 4272 insuper
2455 4184 2854 4251 emendanda
2903 4185 3259 4262 videantur,
3313 4185 3460 4253 bre-

575 4301 739 4367 viter
780 4299 1080 4366 indicem.

743 4414 910 4481 Ael.
963 4414 1020 4481 1.
1059 4451 1129 4478 =
1159 4420 1327 4482 ΑΠ’.
1378 4438 1432 4482 c.
1474 4421 1502 4481 1
1556 4413 1626 4482 S.
1660 4437 1722 4503 p.
1762 4419 1933 4481 3-5
1985 4417 2059 4480 Β.
2113 4451 2197 4462 -
2251 4412 2545 4500 ἄρξομαι.
2594 4452 2676 4464 -
2723 4415 3011 4493 Initium,
3064 4416 3242 4503 quod
3285 4418 3464 4482 exci-

576 4529 665 4595 dit
712 4552 796 4596 ex
842 4529 1166 4607 Arriano,
1219 4531 1404 4620 cujus
1448 4533 1659 4619 prima
1714 4529 1907 4596 verba
1953 4545 2134 4598 sunt;
2188 4524 2225 4596 ὁ
2273 4527 2550 4616 Πύρρου
2593 4536 2767 4607 παῖς,
2819 4532 3156 4600 commode
3203 4555 3287 4598 ex
3331 4537 3462 4600 Ae-

577 4644 751 4711 liano
799 4645 1088 4735 suppleri
1150 4659 1383 4735 potest.
1504 4645 1579 4712 ln
1629 4646 2002 4714 enarrandis
2063 4647 2155 4713 rei
2216 4646 2505 4716 militaris
2563 4646 2988 4734 scriptoribus
3046 4647 3306 4716 uberior
3365 4660 3460 4716 est

574 4806 626 4814 ,-

712 4891 753 4960 ·)
796 4893 943 4944 Haec
978 4895 1145 4956 editio
1183 4895 1313 4946 mibl
1350 4909 1459 4946 non
1497 4896 1563 4946 ad
1602 4909 1818 4950 manum
1854 4896 1977 4948 fuit.
