4400 5784
1570 675 1657 685 .-.
1776 633 1876 706 29
1994 675 2079 687 ..-

620 839 1085 903 ΑΡΡΙΑΝΟΤ
1601 842 2059 907 ΑΙΛΙΑΝΟΥ
2543 846 3076 912 ΟΝΟΜΑΣΙΑΙ

356 1035 507 1088 τος
582 1019 743 1089 τοῖς
803 1009 1179 1099 οὐραγοῖς
1242 1013 1308 1078 οἱ
1368 1010 2280 1102 ῶστετοῖςτοῦπροηγουμέ-
2345 1041 2605 1104 ταγμα
2663 1019 3264 1108 συντάγματι·)

358 1121 511 1183 τοῦ
582 1117 873 1204 ἐφεξῆς
915 1115 1305 1204 τάγματος
1368 1144 1516 1187 νου
1561 1118 2117 1207 συντάγματος
2162 1120 2284 1190 ού-
2347 1123 2418 1191 ἐν
2461 1127 2687 1215 πορείᾳ
2724 1124 3032 1211 ἕπηται,
3079 1126 3266 1195 ῶστε

362 1219 775 1308 ἡγεμόνες
829 1229 866 1309 f)
1003 1222 1303 1294 συνάπ-
1368 1234 1656 1310 ραγοῖς
1698 1225 1893 1306 τούς
1936 1233 2073 1295 τοῦ
2114 1227 2283 1316 ἑξῆς
2344 1238 2512 1309 τοῖς
2573 1236 2716 1298 τοῦ
2772 1238 3268 1320 προηγουμέ-

358 1347 647 1397 τωσιν.
938 1381 947 1391 .
1367 1329 1923 1419 συντάγματος
1994 1329 2282 1421 ἡγεμό-
2341 1360 2488 1402 νου
2532 1335 3091 1423 συντάγματος
3143 1338 3264 1406 οὐ·

458 1445 529 1504 3.
586 1423 1032 1523 Παραγωγὴ
1084 1435 1143 1505 δ’
1190 1437 1303 1505 ἐσ-
1362 1463 1513 1517 νας
1558 1437 2025 1508 συνάπτειν.
2118 1447 2181 1508 3.
2239 1437 2280 1526 ἡ
2343 1449 2617 1527 ραγοῖς
2659 1441 2849 1522 τούς
2891 1449 3032 1511 τοῦ
3091 1443 3264 1530 ἑξῆς

364 1547 543 1624 τίν,
592 1541 851 1612 ἐπειδὰν
895 1540 935 1629 ἡ
981 1539 1298 1629 φάλαγξ
1363 1542 1433 1610 δὲ
1516 1544 1964 1634 παραγωγή
2036 1547 2278 1628 ἐστιν,
2343 1545 3265 1635 τάγματοςὴγεμόναςσυν-

366 1654 559 1716 πᾶσα
623 1649 1063 1736 πορεύηται
1104 1648 1297 1729 τούς
1361 1647 1979 1738 ὅτ’ἄνὴφάλαγξ
2012 1650 2281 1741 πορεύ-
2344 1651 2641 1722 άπτειν.

369 1753 782 1842 ἡγεμόνας
822 1755 966 1844 ἤτοι
1011 1756 1095 1824 ἐκ
1136 1762 1295 1824 τῶν
1358 1780 1539 1843 ηται
1613 1757 1808 1837 τούς
1892 1756 2282 1847 ἡγεμόνας
2437 1760 2929 1847 Παραγωγὴ
2997 1761 3260 1846 λέγεται,

370 1859 827 1948 εὐωνύμων
889 1860 937 1950 ἢ
996 1863 1081 1930 ἐκ
1144 1868 1294 1931 τῶν
1358 1862 1612 1932 ἐκτῶν
1642 1861 2280 1953 εύωνύμωνέχου-
2345 1863 2503 1933 ὅταν
2544 1863 2587 1952 ἡ
2633 1863 2942 1953 φάλαγξ
2987 1867 3265 1955 πορεύ-

373 1972 660 2052 δεξιῶν
786 1968 1179 2056 ποιησαμένη
1218 1971 1288 2058 6)·
1358 1985 1449 2038 σα
1508 1969 1555 2057 ἢ
1620 1971 1697 2038 ἐκ
1757 1976 1912 2040 τῶν
1964 1975 2277 2053 δεξιῶν·
2342 1996 2530 2056 ηται
2571 1971 2774 2051 τοὺς
2832 1967 3264 2059 ἡγεμόνας

366 2077 529 2146 κᾶν
568 2077 712 2165 μὲν
770 2078 848 2146 ἐκ
900 2083 1055 2146 τῶν
1116 2075 1295 2147 εύω-
1357 2073 1507 2144 κᾶν
1540 2076 1680 2162 μὲν
1709 2078 1789 2145 ἐκ
1816 2085 1965 2147 τῶν
1996 2077 2282 2147 εύωνύ-
2346 2077 2430 2144 ἐκ
2517 2083 2662 2146 τῶν
2735 2066 3255 2166 εύωνύμωνὲ)

370 2185 644 2270 νύμων
689 2173 1119 2272 ποιὴσηταιὶ),
1183 2183 1291 2254 εύ-
1356 2207 1516 2268 μων
1593 2189 1807 2272 μερῶν
1888 2184 2024 2274 ἔχῃ
2096 2184 2283 2264 τούς
2346 2182 2630 2270 ἔχουσα
2696 2183 2744 2272 ἢ
2798 2186 2878 2254 ἐκ
2929 2191 3090 2254 τῶν
3146 2191 3258 2254 δε·

380 2290 694 2377 ὥνυμος
840 2290 1291 2380 παραγωγὴ
1357 2285 1780 2375 ἡγεμόνας,
1872 2289 2282 2378 εὐώνυμος
2344 2293 2560 2372 ξιῶν·
2605 2289 2752 2360 κᾶν
2794 2291 2933 2379 μὲν
2989 2293 3070 2360 ἐκ
3112 2297 3257 2359 τῶν

378 2404 789 2478 καλεῖται,
876 2396 1015 2486 divi)
1080 2397 1161 2468 δὲ
1216 2398 1295 2468 ἐκ
1358 2396 1782 2484 παραγωγὴ
1883 2404 2280 2480 καλεῖται,
2345 2394 2776 2485 εὐωνύμων
2854 2398 2993 2487 ἔχῃ
3059 2397 3258 2476 τοὺς

378 2513 537 2573 τῶν
581 2507 883 2588 δεξιῶν,
936 2504 1191 2588 δεξιά.
1359 2500 1491 2571 ἐὰν
1533 2502 1615 2571 δὲ
1658 2503 1737 2570 ἐκ
1775 2508 1931 2571 τῶν
1973 2507 2276 2590 δεξιῶν,
2342 2501 2764 2592 ἡγεμόνας,
2843 2501 3259 2591 εὐώνυμος

464 2621 524 2681 4.
556 2612 774 2692 Ὅπως
827 2611 886 2682 δ’
937 2611 1023 2682 ἂν
1066 2609 1107 2700 ἡ
1166 2637 1296 2681 πο-
1358 2605 1565 2690 δεξιά
1615 2609 2090 2698 παραγωγή.
2341 2609 2760 2698 παραγωγὴ
2801 2609 3066 2698 λέγεται,
3111 2610 3256 2678 ἐὰν

380 2725 553 2806 ρεία
615 2707 1115 2807 γίγνηταιι),
1172 2723 1292 2788 εἴτε
1446 2721 1511 2785 4.
1580 2713 1732 2784 'Eam
1784 2716 1855 2786 δὲ
1897 2714 1941 2804 ἡ
1994 2721 2279 2804 πορεία
2341 2716 2419 2784 δὲ
2464 2717 2547 2785 ἐκ
2588 2721 2735 2784 τῶν
2778 2719 3092 2798 δεξιῶν,
3143 2721 3256 2785 δε·-

382 2825 514 2893 κατ’
562 2823 1008 2912 ἐπαγωγὴν,
1055 2821 1162 2893 εἶτ’
1208 2825 1293 2893 ἐν
1360 2821 1445 2890 ἐν
1554 2823 1941 2912 ἐπαγωγῇ
2058 2827 2274 2912 γίνη-
2341 2822 2464 2906 ξιὰ
2525 2823 2978 2912 παραγωγή.
3064 2827 3254 2891 Εἴτε

386 2937 835 3020 παραγωγῇ,
871 2931 1017 3019 ἤτοι
1054 2931 1294 3017 ἑνμο-
1356 2954 1507 3010 ται,
1540 2929 1655 2998 ἐάν
1692 2931 1877 2998 τεέν
1919 2953 2277 3018 παραγω-
2340 2930 2420 2998 δὲ
2464 2927 2504 3017 ἡ
2547 2934 2820 3018 πορεία
2855 2931 2938 2999 ἐν
2968 2929 3250 3016 ἐπαγω-

380 3035 781 3129 νοπλεύρῳ
839 3043 942 3128 τῷ
996 3035 1291 3125 τάγμα-
1355 3040 1480 3124 γῇ,
1527 3035 1609 3104 ἐν
1651 3033 2171 3128 μονοπλεύρῳ
2230 3034 2277 3123 ἦ
2337 3043 2432 3125 γῇ
2514 3039 2853 3123 γίνεται,
2939 3040 3092 3106 εἴτε
3172 3039 3250 3104 ἐν

384 3169 461 3209 τι
528 3132 928 3230 ἡστρατιὰι)
999 3146 1293 3232 βαδιεῖ·
1360 3139 2272 3234 διπλεύρῳ5)ἡ“τριπλεύ-
2337 3149 2800 3232 παραγωγῇ,
2880 3144 2961 3211 ἑν
3026 3169 3250 3229 μονο-

385 3275 558 3330 ται,
634 3246 679 3335 ἢ
752 3249 823 3316 ἐν
890 3248 1293 3343 διπλεύρῳ
1358 3272 1463 3339 ρῳ
1574 3245 1620 3335 ἦ
1704 3247 2274 3342 τετραπλεύρῳ
2336 3249 2652 3341 πλεύρῳ
2737 3247 2784 3337 ἢ
2857 3249 3247 3342 διπλεύρῳ

384 3355 429 3442 ἢ
496 3355 566 3423 ἐν
618 3355 1075 3449 τριπλεύρῳ
1141 3355 1181 3444 ἢ
1224 3358 1293 3425 ἐν
1357 3352 1693 3440 τάγματι
1721 3358 1997 3443 βαδιεῖ·
2047 3363 2105 3425 5.
2147 3380 2275 3441 μο-
2337 3353 2861 3447 ἢτριπλεύρῳ
2903 3355 3250 3443 ἢτετρα-

376 3460 938 3554 τετραπλεύρῳ·
1051 3471 1111 3533 5.
1168 3490 1294 3550 μο-
1357 3457 1765 3546 νοπλεύρω
1809 3461 1987 3548 μέν,
2042 3457 2130 3530 ὅτ’
2186 3459 2272 3529 ἃν
2335 3461 2647 3554 πλεύρῳ
2721 3460 3052 3549 τάγματι
3125 3467 3248 3548 βα-

376 3567 984 3660 νοπλεύρῳμέν,
1031 3568 1293 3638 ἐπειδὰν
1358 3565 1492 3635 ἕνα
1566 3570 1775 3656 φοβῇ,
1876 3565 2271 3661 διπλεύρῳ
2335 3572 2508 3638 διεῖ·
2552 3565 3060 3659 μονοπλεύρῳ
3090 3567 3244 3654 μέν,

377 3676 510 3743 ἕνα
550 3672 752 3742 τόπον
786 3673 1080 3743 ὕποπτον
1113 3673 1291 3764 ἔχῃὸ
1356 3672 1476 3757 δέ,
1547 3670 1635 3742 ὅτ’
1698 3672 1784 3743 ἄν
1843 3674 2028 3754 δύο,
2105 3701 2267 3764 τρι·
2337 3674 2594 3762 ὅτανὸ)
2638 3672 3006 3763 μοναχόθεν
3043 3681 3243 3763 φοβη-

377 3776 1156 3874 στρατηγός,διπλεύρῳ
1188 3781 1285 3861 δέ,
1354 3777 2014 3873 πλεύρῳδέ,ὅτ’ἆ“ν
2040 3790 2263 3870 τρεῖς,
2336 3787 2455 3872 θῇ,
2507 3779 2887 3873 διπλεύρῳ
2935 3781 3033 3865 δέ,
3087 3781 3244 3852 ὅταν

380 3885 638 3955 ἐπειδὰν
667 3883 829 3970 δύο,
856 3887 1288 3983 τριπλεύρῳ
1351 3886 1925 3979 τετραπλεύρῳ
1989 3887 2098 3967 δέ,
2175 3886 2266 3956 ὅτ’
2333 3889 2625 3974 δτχόθεν,
2664 3886 3103 3981 τριπλεύρῳ
3142 3889 3243 3966 δέ,

385 3990 1186 4076 δέ,ἐπειδὰνπάντοθεν
1216 4001 1291 4064 οἱ
1350 3991 1435 4062 ἄν
1477 3991 1888 4064 πάντοθεν
1933 3997 2008 4064 οἱ
2046 3993 2262 4063 πολέ·
2331 3993 2490 4064 ὅταν
2553 3993 2888 4082 τριχόθεν,
2970 4020 3244 4083 τετρα-

374 4099 737 4186 πολὲμιοι
816 4098 1280 4188 ἐπιστήσεσθαι
1348 4126 1517 4187 μιοι
1563 4099 2078 4170 ἐπιτίθεσθαι
2120 4101 2260 4189 μέλ·
2326 4099 2635 4195 πλεύρῳ
2680 4101 2782 4180 δέ,
2859 4101 3016 4170 ὅταν
3057 4102 3243 4170 πάν-

378 4207 647 4275 πιθανοὶ
696 4209 948 4274 δοκῶσι.
1344 4216 1556 4276 λωσιν.
2325 4215 2560 4278 τοθεν
2597 4211 2670 4275 οἱ
2695 4207 3062 4294 πολέμιοι
3092 4207 3238 4275 ἐπι·

2325 4318 2704 4384 τίθεσθαι
2746 4311 3142 4402 ὑφορῶνται.

448 4355 501 4439 f)
538 4362 803 4436 ἡγεμόνος
836 4369 892 4422 Ρ-

439 4455 496 4528 ⁶)
536 4459 625 4509 Sin
659 4459 743 4522 M:
780 4456 1135 4526 ποιησάμενοι
1170 4462 1273 4516 BP.
1415 4457 1473 4530 ‘J
1508 4452 1545 4526 ἢ
1581 4455 1850 4531 διπλεύρῳ
1884 4474 1972 4513 om
2010 4462 2081 4514 Μ.

439 4529 498 4614 ΙΙ)
536 4546 624 4597 Sic
704 4547 790 4610 Μς
864 4544 1147 4617 ποιήσεται
1204 4552 1277 4618 Β,
2393 4545 2450 4620 ‘J
2487 4550 2578 4600 Sin
2623 4563 2724 4601 ms.
2777 4549 3026 4612 Κίὶειοτίς
3080 4555 3237 4601 anton

366 4649 461 4687 ποι
479 4629 495 4647 ’
530 4635 687 4686 εσθαι
724 4634 785 4690 Ρ.
2470 4633 2485 4653 ’
2669 4675 2686 4690 .

459 4645 529 4792 ῐηῖ
546 4723 635 4774 sto
670 4723 772 4787 Ρη
806 4717 907 4776 ἐὰν
943 4725 1051 4782 bu.
2319 4651 2786 4796 ωςαζῗῖνῖμω
2817 4724 2999 4794 μερῶν
3035 4727 3202 4779 com.

424 4795 498 4880 ⁸¹⁸)
536 4811 627 4862 Sic
660 4811 745 4875 M:
780 4810 1017 4878 γίγνεται
1048 4815 1153 4868 ΒΡ.
2327 4843 2334 4850 ·
2394 4813 2452 4884 ⁶)
2501 4813 2590 4868 καὶ
2657 4811 3030 4886 τετραπλεύρῳ
3103 4807 3237 4868 ὅταν

449 4883 499 4969 ¹)
536 4890 573 4966 ἢ
607 4898 832 4970 στρατιᾷ
865 4902 924 4954 1'·
2323 4905 2487 4959 com.
