4400 5784
2171 548 2681 621 „50-

1161 762 1228 825 ln
1287 759 1338 825 E
1397 771 1545 847 post
1609 756 1796 825 verba
1865 752 2353 845 ηὐτρεπισμένα
2412 750 2569 840 μετὰ
2619 757 2734 840 τῆς
2788 754 2954 831 ἰδίας
3006 752 3336 838 δυνάμεως
3400 756 3511 839 (sic
3534 755 3574 838 l)
3646 756 3869 843 capitis

984 886 1196 943 textus
1245 874 1496 949 linitur,
1563 884 1624 939 et
1671 895 1834 962 quae
1879 882 2236 962 sequuntur
2292 869 2493 939 rubro
2540 868 2756 937 colore
2804 868 3071 956 margini
3118 870 3284 935 allita
3330 882 3477 935 sunt
3504 922 3518 943 .
3584 868 3695 936 sed
3742 870 3857 937 bac

965 976 1190 1057 'addita
1237 990 1688 1076 inscriptione:
1735 984 2012 1073 σχόλιον.
2105 986 2297 1053 lnitio
2342 983 2593 1052 scribit:
2640 982 2851 1051 ἰστέον
2894 982 2989 1051 ὅτι
3034 980 3311 1069 πλάγιον
3356 995 3476 1052 etc.

1157 1106 1234 1173 ln
1287 1106 1342 1171 Η
1401 1117 1546 1193 post
1606 1100 2098 1189 ηὐτρεπισμένα
2156 1102 2425 1191 paginae
2480 1121 2592 1166 sex
2660 1111 2723 1166 et
2780 1100 3029 1167 dimidia
3086 1122 3321 1167 vacuae
3385 1100 3868 1188 relinquuntur:

987 1220 1162 1287 vides
1210 1242 1400 1309 quam
1449 1232 1746 1287 accurate
1791 1218 2030 1285 fontem
2077 1238 2263 1284 suum
2312 1217 2726 1303 expresserit,
2774 1214 2853 1281 de
2886 1238 3015 1303 quo
3062 1216 3295 1283 codicis
3332 1213 3389 1280 D
3440 1216 3737 1283 librarius
3784 1254 3867 1265 —

983 1336 1238 1402 dimidia
1291 1358 1444 1403 vero
1491 1335 1718 1423 pagina
1765 1334 1864 1400 illa
1911 1332 2321 1401 delineandae
2366 1330 2608 1418 figurae
2654 1332 2899 1422 plintbii
2946 1343 3008 1397 et
3038 1332 3490 1419 peplegmenae
3542 1330 3869 1421 phalangis

983 1451 1290 1518 destinata
1341 1463 1474 1517 erat
1535 1488 1616 1499 --
1667 1458 1907 1515 tantum
1954 1449 2200 1525 retulit;
2248 1459 2383 1514 tum
2431 1456 2701 1535 utraque
2746 1447 3035 1535 sequitur
3078 1447 3507 1535 interpolatio.

1162 1565 1402 1631 Contra
1449 1566 1512 1629 in
1557 1562 1721 1638 BG,
1773 1568 2188 1651 quaecunque
2232 1564 2399 1629 inter
2442 1559 2929 1647 ηὐτρεπισμένα
2974 1572 3039 1629 et
3067 1563 3315 1630 initium
3364 1563 3587 1649 capitis
3633 1558 3863 1629 XLIX

983 1676 1554 1767 ὖπερφαλάγγησις
1601 1688 1722 1744 etc.
1775 1678 1836 1743 in
1886 1680 2114 1745 ceteris
2161 1678 2489 1745 codicibus
2534 1678 2865 1765 leguntur,
2914 1700 3177 1766 prorsus
3222 1678 3456 1745 omissa
3500 1655 3667 1744 sunt.

1156 1794 1232 1861 In
1287 1793 1596 1881 capitibus
1649 1790 2116 1859 thx——thl
2163 1815 2544 1881 quamquam
2600 1793 2764 1859 baud
2826 1814 3024 1880 pauca
3094 1816 3129 1859 e
3177 1792 3498 1861 codicibus
3546 1792 3865 1860 emendari

986 1923 1292 1998 possunt,
1341 1923 1546 1977 tamen
1595 1908 1776 1973 nimis
1813 1907 2054 1993 amplus
2101 1908 2236 1996 jam
2285 1908 2476 1996 hujus
2522 1908 2881 1996 scriptionis
2925 1907 3195 1975 ambitus
3242 1930 3373 1984 me,
3434 1921 3505 1975 ut
3556 1907 3635 1976 ad
3680 1906 3867 1975 finem

983 2046 1356 2114 properem,
1407 2024 1721 2089 admonet.
1831 2020 2052 2109 Itaque
2111 2022 2233 2088 boc
2290 2044 2487 2089 unum
2548 1999 2829 2110 adjicere
2888 2024 3128 2111 placet,
3202 2035 3373 2090 recte
3429 2046 3463 2089 a
3518 2045 3619 2090 me
3672 2046 3733 2111 p.
3782 2028 3868 2089 20

981 2140 1310 2208 ridiculam
1358 2138 1646 2229 quadrati
1693 2136 1954 2223 agminis
1985 2134 2252 2225 figuram
2298 2138 2572 2227 ejusque
2619 2134 2948 2224 ἐξήγησιν,
2980 2161 3160 2228 ¹quae
3204 2150 3285 2227 p.
3323 2144 3451 2206 603
3498 2139 3665 2228 apud
3704 2138 3869 2205 Ges-

981 2277 1204 2323 nerum
1252 2255 1518 2341 legitur,
1566 2249 2023 2320 recentioribus
2069 2252 2367 2319 tributam
2417 2274 2553 2319 esse
2590 2253 3005 2341 temporibus.
3106 2252 3356 2322 Omissa
3404 2265 3497 2321 est
3544 2278 3617 2321 ea
3663 2254 3873 2322 decla-

980 2372 1143 2438 ratio
1190 2371 1254 2435 in
1287 2367 1390 2448 M;
1441 2370 1632 2457 cnjus
1663 2386 1822 2435 vero
1853 2367 1964 2442 sit,
2015 2368 2162 2433 satis
2192 2378 2411 2455 aperte
2443 2367 2723 2456 produnt
2766 2366 3077 2435 AFDH:
3122 2369 3209 2435 ibi
3238 2370 3405 2435 enim
3452 2379 3517 2435 et
3544 2370 3868 2458 inscriptio

980 2487 1134 2552 baec
1180 2495 1303 2551 est:
1353 2480 1650 2564 σύνταξις
1691 2478 1971 2549 ὁπλιτῶν
2013 2480 2249 2568 ἔχουσα
2294 2478 2474 2561 ἐντὸς
2517 2479 3087 2569 καβαλλᾶριον,
3136 2495 3198 2551 et
3238 2483 3401 2551 infra
3446 2506 3509 2551 v.
3564 2489 3627 2551 5.
3683 2490 3724 2551 '7
3773 2483 3871 2551 bis

979 2595 1542 2685 καβαλλάριον
1601 2598 1837 2687 legitur
1894 2619 2012 2687 pro
2071 2590 2333 2665 ἱππικόν
2386 2610 2449 2665 et
2518 2620 2575 2663 v.
2638 2602 2680 2663 3
2750 2596 2829 2662 ab
2897 2598 3027 2665 imo
3092 2600 3685 2685 καβαλλαρίους
3750 2621 3871 2686 pro

981 2719 1222 2795 ἱππεῖς;
1270 2718 1336 2782 in
1383 2714 1584 2782 media
1632 2725 1843 2781 autem
1889 2736 2054 2802 quae
2087 2713 2514 2781 Gesnerianae
2560 2712 2867 2779 simillima
2916 2726 3010 2779 est
3056 2712 3257 2800 figura
3292 2715 3522 2801 iegitur
3566 2715 3629 2781 in
3664 2712 3867 2781 AFD

983 2830 1072 2917 (H
1118 2831 1336 2921 liguris
1383 2841 1556 2897 caret
1577 2828 1658 2917 1):
1724 2826 1846 2915 τὴν
1890 2826 1960 2896 δὲ
2005 2826 2204 2914 μέσην
2247 2826 2464 2914 χώραν
2526 2822 2564 2893 ὁ
2609 2825 2958 2913 στρατηγὸς
3020 2826 3207 2914 ἐχέτω
3264 2828 3373 2898 καὶ
3415 2830 3761 2896 τοῦλδον
3814 2830 3872 2894 εἰ

983 2943 1122 3033 (ἐὰν
1165 2945 1248 3031 Α)
1295 2939 1608 3012 σύνεστιν.
1704 2943 1942 3012 Contra
1988 2945 2052 3009 in
2101 2942 2221 3011 BE
2280 2956 2348 3011 ut
2394 2944 2455 3009 in
2504 2943 2889 3011 editionibus
2937 2898 3431 3065 pedeifflilium(
3468 2946 3730 3055 quinum
3778 2943 3873 3010 di-

982 3062 1252 3149 ligenter
1295 3058 1736 3127 absconditum
1782 3060 2162 3136 invenimus:
2222 3070 2495 3147 uterque
2552 3060 2617 3126 in
2668 3070 2849 3126 textu
2894 3056 3155 3125 ἱππικόν
3199 3071 3260 3127 et
3308 3053 3573 3139 ἱππεις“,’
3610 3024 3871 3179 {ilici-o
4011 3120 4030 3135 ,

982 3176 1142 3243 banc
1207 3176 1682 3263 inscriptionem
1749 3174 1972 3240 babet:
2041 3170 2337 3254 σύνταξις
2404 3168 2712 3251 ὁπλιτῶν,
2780 3172 2855 3242 τὸ
2926 3171 3133 3261 σχῆμα
3204 3175 3369 3262 (sict)
3438 3172 3865 3262 τετράγωνος,

983 3289 1216 3377 ἔχουσα
1261 3285 1443 3367 ἐντὸς
1485 3286 1559 3354 τὸ
1607 3284 1960 3355 ἱππικόν.

1156 3402 1246 3473 Ut
1289 3404 1420 3494 jam
1472 3403 1674 3471 tribus
1718 3390 1928 3471 verbis
1949 3451 1967 3477 ‚
2041 3404 2152 3492 qui
2199 3404 2279 3471 sit
2322 3404 2511 3494 hujus
2557 3403 3011 3472 dissertationis
3069 3405 3311 3483 exitus,
3367 3404 3871 3493 comprehenda-

982 3533 1122 3590 tur:
1172 3520 1428 3587 libros
1477 3519 1851 3593 tacticos,
1902 3519 2033 3604 qui
2079 3516 2413 3585 Arriani
2460 3532 2537 3587 et
2580 3520 2891 3587 Aeliani
2937 3520 3351 3596 feruntur,
3414 3520 3611 3587 nibil
3658 3518 3869 3587 aliud

983 3658 1166 3705 esse
1211 3636 1362 3703 nisi
1408 3634 1638 3702 unius
1688 3632 2225 3722 ejusdemque
2272 3633 2460 3700 libri
2506 3610 2883 3702 diversa-s
2920 3637 3441 3702 recensiones
3496 3636 3668 3701 sive
3714 3634 3871 3701 edi·

984 3754 1272 3827 tiones,
1326 3750 1388 3817 id
1439 3772 1587 3816 non
1637 3748 1892 3816 solum
1939 3770 2031 3814 ex
2077 3769 2418 3824 summo,
2477 3752 2603 3839 qui
2646 3749 2800 3839 jam
2846 3750 3125 3839 ejectis
3192 3748 3548 3816 codicum
3594 3763 3871 3816 ancto-

985 3867 1217 3933 ritate
1264 3862 2048 3950 interpolationibus
2103 3873 2181 3929 et
2237 3862 2529 3950 glossis
2577 3866 2784 3932 inter
2846 3886 2983 3931 eos
3040 3877 3181 3941 est,
3240 3885 3674 3940 consensu,
3736 3865 3867 3930 sed

983 3982 1216 4047 etiam
1288 4002 1379 4046 ex
1441 3978 1787 4047 notabili
1851 3978 2298 4047 eorundem
2364 3977 2454 4046 ab
2524 3978 3090 4068 Asclepiodoti
3158 3979 3443 4049 libello
3506 3980 3872 4047 dissensu

981 4094 1438 4161 firmissime
1503 4105 1619 4160 est
1691 4092 2309 4182 comprobatum.
2418 4091 2631 4163 Unum
2695 4096 2977 4185 adjicere
3044 4096 3278 4186 placet:
3350 4118 3490 4173 eas,
3549 4116 3702 4184 quas
3771 4095 3871 4161 bic

991 4208 1315 4285 babemus.
1365 4210 1740 4276 tacticorum
1788 4207 2245 4276 elementorum
2278 4210 2570 4277 notiones
2616 4222 2679 4278 et
2710 4213 3063 4281 notationes
3094 4212 3243 4279 inde
3272 4234 3307 4279 a
3338 4210 3572 4301 Pyrrhi
3616 4209 3871 4277 demum

993 4324 1268 4413 ejusque
1313 4323 1423 4391 filii
1469 4322 1856 4400 Alexandri,
1906 4344 2065 4412 quos
2111 4324 2280 4391 inter
2334 4326 2673 4413 scriptores
2736 4328 2997 4397 tacticos
3057 4327 3289 4394 diserte
3334 4326 3615 4393 nominat
3657 4326 3871 4392 Aelia-

984 4461 1136 4515 nus,
1189 4437 1583 4527 temporibus
1630 4460 1748 4505 usn
1806 4450 1869 4506 et
1913 4437 2198 4507 doctrina
2255 4440 2339 4505 ita
2394 4440 2767 4518 invaluisse,
2818 4454 2888 4509 ut
2934 4443 3206 4509 seriores
3254 4442 3332 4507 ad
3382 4464 3575 4509 unum
3623 4456 3866 4516 omnes,

983 4556 1035 4623 si
1081 4578 1116 4622 a
1163 4552 1507 4623 levioribus
1556 4552 1928 4643 quibusdam
1977 4553 2298 4632 discedas,
2364 4554 2582 4623 eadem
2628 4555 2766 4623 fere
2826 4555 3047 4623 iisdem
3092 4556 3306 4627 verbis
3367 4566 3659 4645 repetere
3724 4556 3873 4623 satis

984 4671 1340 4741 habuerint.
1436 4668 1680 4739 Similia
1727 4670 2000 4739 inlibris
2045 4670 2123 4739 ad
2158 4670 2515 4739 docendum
2562 4670 2883 4739 destinatis
2916 4671 3201 4759 quotidie
3248 4669 3388 4737 fieri
3434 4670 3738 4739 videmus.

1997 4968 2869 5025 ww—
