4400 5784
1651 722 2159 791 *21-

490 933 742 996 Aeneas
791 941 852 995 et
898 926 1241 1015 Polybius,
1296 924 1468 993 XIX
1516 926 1692 993 solus
1739 926 2045 1015 Polybius
2095 927 2468 993 nominatim
2520 924 2829 1001 laudatur,
2879 946 3011 1013 quo
3056 926 3203 1015 ipso
3234 949 3378 993 eum

490 1065 674 1110 usum
723 1065 865 1110 esse
910 1043 992 1109 ad
1038 1039 1144 1108 XI
1189 1055 1253 1107 et
1299 1037 1458 1107 xlv
1505 1038 1794 1109 vidimus.

665 1161 914 1234 Restat,
987 1169 1057 1224 ut
1126 1155 1206 1224 de
1275 1158 1608 1246 utriusque
1679 1156 1875 1224 libelli
1945 1155 2317 1225 auctoribus
2389 1152 2710 1223 dicamuS.'
2798 1156 3036 1253 Certe
3094 1170 3381 1223 neuter

489 1296 768 1340 eorum
818 1275 1208 1339 Arrianus
1255 1271 1888 1339 Nicomediensis
1933 1272 2119 1340 fuit:
2193 1272 2259 1338 id
2300 1271 2439 1361 jam
2486 1271 2884 1339 confidenter
2930 1270 3252 1338 affirmare
3300 1274 3377 1338 li-

490 1401 618 1468 cet,
690 1389 1069 1477 praesertim
1129 1408 1271 1454 cum
1329 1389 1732 1475 prooemium
1781 1387 2052 1476 legimus
2101 1388 2180 1453 ab
2236 1387 2505 1453 Aeliano
2571 1388 3012 1474 praemissum.
3116 1384 3249 1454 Sed
3312 1389 3378 1454 id

488 1506 808 1591 integrum
856 1502 1218 1570 describere
1269 1503 1514 1591 placet:

675 1614 811 1703 Τὴν
869 1614 1046 1703 παρὰ
1105 1624 1240 1696 τοῖς
1265 1616 1530 1701 Ἕλλησι
1583 1616 1888 1703 τακτικὴν
1947 1620 2233 1700 θεωρίαν
2291 1613 2419 1683 άπὸ
2472 1620 2601 1683 τῶν
2637 1612 2925 1704 Ὀμήρου
2968 1615 3221 1703 χρόνων
3263 1616 3382 1702 τὴν

490 1729 697 1817 ἀρχὴν
757 1735 1116 1818 λαβοῦσαν,
1188 1729 1590 1818 αὐτόκρατορ
1637 1736 1892 1819 Καῖσαρ
1946 1732 2075 1800 vite.
2133 1737 2331 1801 θεοῦ
2371 1730 2736 1817 Ἀδριανὲ
2794 1732 3084 1819 σεβαστέ,
3156 1734 3383 1799 πολλοὶ

487 1850 618 1913 τῶν
659 1844 786 1931 πρὸ
829 1843 1015 1933 ἡμῶν
1057 1846 1469 1934 συνέγραψαν
1499 1844 1620 1915 οὐκ
1653 1848 1922 1935 ἔχοντες,
1967 1847 2054 1935 ἢν
2095 1844 2277 1936 ἡμεῖς
2332 1847 2419 1915 ἐν
2475 1856 2643 1927 τοῖς
2707 1846 3196 1935 μαθήμασιν
3249 1848 3381 1915 ἐπι-

487 1959 846 2049 στεύθημεν
911 1961 1044 2044 ἕξιν
1111 1962 1291 2050 ἔχειν.
1381 1960 1698 2049 Ἐμαντὸν
1751 1962 1822 2032 δὲ
1877 1967 2126 2031 πείθων
2178 1961 2561 2051 ἠβουλήθην
2616 1959 2859 2049 ταύτην
2912 1960 3218 2044 συντάξαι
3260 1962 3381 2049 τὴν

487 2080 794 2163 θεωρίαν,
842 2076 944 2145 ὅτι
984 2086 1120 2157 τοῖς
1165 2074 1491 2166 ἡμετέροις
1535 2082 1600 2145 οἱ
1639 2078 1783 2165 μεθ’
1829 2074 1995 2165 ἡμᾶς
2039 2078 2166 2163 πρὸ
2195 2083 2327 2146 τῶν
2358 2076 2788 2167 ἀρχαιοτέρων
2816 2076 3199 2163 προσέξουσι
3228 2094 3381 2163 συγ-

485 2192 828 2279 γράμμασι.
932 2198 1084 2281 Τῆς
1141 2193 1222 2261 δὲ
1275 2192 1487 2282 παρά
1527 2190 1949 2282 Ῥωμαίοις
2003 2196 2172 2280 περὶ
2233 2193 2318 2263 τὸ
2374 2194 2614 2282 μέρος
2664 2200 2909 2263 τοῦτο
2954 2190 3379 2280 δυνάμεως

485 2310 611 2376 καὶ
673 2309 1084 2397 ἐμπειρίας
1144 2307 1286 2378 οὐκ
1332 2309 1527 2397 ἔχων
1570 2316 1880 2397 γνῶσιν
1926 2313 2046 2397 (δεῖ
2083 2309 2210 2398 γάρ
2256 2306 2595 2396 ὁμολογεῖν
2639 2307 2875 2397 ἀληθῆ)
2962 2309 3133 2401 ὄκνῳ
3175 2333 3375 2376 κατει-

483 2424 688 2511 χόμην
729 2426 870 2511 περὶ
917 2424 992 2493 τὸ
1039 2424 1438 2514 συγγράφειν
1482 2428 1590 2494 καὶ
1632 2426 2067 2513 παραδιδόναι
2109 2424 2184 2493 τὸ
2230 2424 2503 2512 μάθημα
2564 2430 2792 2508 τοῦτο,
2849 2420 2935 2503 ὥς
2980 2422 3375 2511 άπημαυρω-

482 2540 681 2627 μένον
725 2542 832 2609 καὶ
873 2538 1074 2608 πάλαι
1117 2540 1320 2628 μηδὲν
1365 2541 1459 2609 ἔτι
1500 2539 1813 2629 χρήσιμον
1859 2546 1948 2632 τῷ
1993 2544 2111 2633 βίῳ
2155 2540 2315 2627 μετὰ
2358 2538 2479 2629 τὴν
2523 2541 2984 2628 ἐφευρεθεῖσαν
3033 2536 3147 2626 ὑφ’
3193 2535 3378 2625 ὑμῶν

485 2658 922 2724 διδασκαλίαν.
989 2653 1160 2724 Ἐπεὶ
1191 2656 1262 2724 δὲ
1307 2656 1437 2724 ἐπὶ
1481 2662 1622 2726 τοῦ
1666 2662 1867 2731 θεοῦ
1910 2654 2212 2743 πατρός
2259 2675 2400 2724 σου
2445 2655 2823 2742 Νέρουας
2846 2659 2893 2742 1)
2942 2652 3118 2741 παρὰ
3165 2660 3379 2742 Φρον-

480 2775 633 2863 τίνῳ
689 2777 818 2840 τῶν
874 2770 1206 2859 ἐπισήμων
1261 2770 1592 2841 ὑπατικῶν
1648 2772 1720 2841 ἐν
1784 2776 2101 2859 Φορμίαις
2154 2770 2391 2859 ἡμέρας
2434 2772 2616 2851 τινὰς
2659 2770 2949 2859 διέτριψα
2994 2768 3195 2851 δόξαν
3238 2769 3377 2837 ἐπε-

484 2892 848 2979 νεγκαμένῳ
892 2890 1036 2974 περὶ
1079 2889 1198 2975 τὴν
1257 2888 1328 2957 ἐν
1371 2897 1508 2968 τοῖς
1549 2888 1853 2975 πολέμοις
1896 2889 2260 2975 ἐμπειρίαν,
2330 2886 2677 2975 συμβαλών
2719 2912 2797 2955 τε
2840 2884 3066 2972 τάνδρὶ
3088 2888 3135 2969 2)
3184 2877 3378 2971 εὖρον

487 3000 609 3069 οὐκ
653 3002 960 3071 ἐλάττονα
1005 3002 1298 3091 σπουδὴν
1345 3004 1571 3091 ἔχοντα
1625 3008 1716 3083 είς
1764 3004 1884 3091 τὴν
1938 3001 2116 3091 παρά
2158 3012 2295 3082 τοῖς
2320 3002 2589 3090 Ἕλλησι
2630 3000 3110 3090 τεθεωρημένην
3166 2997 3381 3086 μάθη-

488 3134 623 3197 σιν,
671 3115 961 3203 ἠρξάμην
1005 3115 1219 3186 οὐκέτι
1261 3128 1679 3208 περιφρονεῖν
1719 3125 1833 3208 τῆς
1876 3124 2006 3187 τῶν
2048 3124 2361 3187 τακτικῶν
2405 3123 2813 3207 συγγραφῆς,
2884 3115 3005 3185 οὐκ
3050 3115 3135 3184 ἄν
3180 3132 3375 3183 σπου-

489 3229 796 3311 δάζεσθαι
840 3232 1016 3319 παρὰ
1066 3238 1404 3327 Φροντίνῳ
1461 3238 1673 3303 δοκῶν
1722 3231 1926 3321 αὐτήν
1942 3287 1959 3318 ,
2025 3238 2198 3319 εἴπερ
2244 3260 2305 3303 τι
2366 3244 2581 3322 χεῖρον
2625 3232 2835 3303 ἐδόκει
2873 3239 2986 3320 τῆς
3025 3230 3377 3319 Ῥωμαῖκῆς

489 3344 831 3427 διατάξεως
885 3347 1196 3435 περιέχειν
1250 3346 1473 3436 αὐτήν.
1569 3349 1946 3437 Πεποιηκῶς
2006 3342 2128 3419 οὖν
2191 3374 2346 3419 ποτε
2413 3348 2907 3437 συγγράμματος
2961 3345 3375 3429 διατύπωσιν,

485 3460 676 3549 μήπω
720 3462 789 3530 δὲ
833 3462 998 3550 πρὸς
1043 3464 1298 3533 ἔκδοσιν
1341 3464 1599 3553 ἑτοίμην
1643 3463 1812 3534 εἶναι
1884 3498 1912 3525 ο
1948 3471 2023 3555 3),
2087 3465 2194 3535 διὰ
2240 3467 2361 3552 τὴν
2419 3465 2540 3553 σὴν
2606 3464 3117 3554 άνωιέρβλητον,
3185 3461 3379 3531 αὐτό-

488 3602 761 3665 κρατορ,
843 3576 1226 3668 ἀνδρείαν
1285 3606 1360 3649 τε
1425 3584 1562 3650 καὶ
1603 3582 2088 3675 ἐμπειρίαν,
2165 3580 2271 3651 δι’
2318 3574 2419 3652 ὦν
2476 3580 2777 3660 πάντας
2839 3576 3107 3659 ἁπλῶς
3183 3575 3377 3656 τούς

485 3718 668 3761 ποτε
711 3695 1208 3780 γενομένους
1259 3696 1453 3764 κατά
1505 3696 1858 3785 πόλεμον
1918 3697 2427 3786 στρατηγοὺς
2482 3694 3056 3785 ὑπερβάλλεις,
3118 3718 3377 3782 παρωρ-

485 3808 706 3898 μήθην
760 3817 964 3879 τελεῖν
1005 3810 1126 3899 τὴν
1177 3816 1616 3899 πραγματείαν
1672 3814 1878 3903 καλὴν
1927 3814 2184 3903 σφόδρα
2228 3817 2335 3883 καὶ
2389 3823 2525 3894 τοῖς
2571 3812 3001 3882 ἐσπουδακόσι
3040 3813 3183 3899 περὶ
3221 3810 3375 3879 ταύ-

484 3952 603 4012 την
643 3924 763 4014 τὴν
807 3930 1094 4015 θεωρίαν
1150 3932 1768 4017 παραγκωνίσασθαι
1821 3929 2189 4018 δυναμένην
2244 3930 2324 3999 τά
2367 3936 2497 3999 τῶν
2540 3928 2825 4017 α’ρχαίων
2861 3925 3182 4016 Ἑλλήνων
3226 3944 3374 3994 συν-

484 4040 792 4128 τάγματα.
861 4045 1216 4130 σαφηνείας
1257 4041 1384 4129 γάρ
1431 4043 1644 4113 ἕνωιεν
1674 4044 2242 4133 διαβεβαιούμενος
2284 4046 2447 4133 λέγω
2490 4044 2646 4125 τούς
2689 4043 3179 4129 ἐντευξομένους
3220 4045 3375 4131 τῇδε

485 4164 562 4245 τῇ
609 4162 954 4247 συγγραφῇ
999 4157 1194 4228 ἔνθεν
1236 4164 1482 4245 μᾶλλον
1499 4212 1516 4237 ,
1576 4158 1622 4247 ἢ
1663 4159 1838 4247 παρά
1893 4168 2023 4230 τῶν
2075 4160 2523 4249 πρεσβυτέρων
2542 4216 2559 4241 ,
2607 4158 3214 4248 στοιχειωθὴσεσθαι
3268 4155 3377 4225 διά

488 4272 563 4340 τὸ
607 4273 769 4342 κατά
814 4274 994 4357 τάξιν
1039 4274 1274 4343 ἕκαστα
1317 4278 1738 4362 δεδηλῶσθαι.
1834 4275 1972 4346 Οὐκ
2015 4275 2347 4365 ἐθάρσησα
2397 4277 2615 4362 μέντοι
2671 4276 2915 4362 πέμψαι
2960 4291 3063 4343 σοι
3104 4272 3179 4342 τὸ
3224 4270 3379 4359 σύγ-

487 4475 633 4483 --ῌ-

628 4602 692 4675 1)
731 4604 814 4662 lta
849 4619 979 4661 cum
1017 4603 1399 4673 Dederieo‚
1439 4608 1534 4678 qui
1571 4607 1632 4662 in
1670 4609 1938 4667 annali.
1977 4608 2318 4680 antiquit.
2360 4608 2921 4666 Zimmermannianis
2959 4624 3007 4663 a.
3048 4602 3203 4661 1839.
3238 4602 3373 4659 Nro.

485 4698 788 4755 105—107.
827 4700 1110 4758 134-136
1156 4704 1492 4774 plenissime
1543 4706 1617 4761 de
1664 4706 1928 4762 Frontino
1983 4708 2264 4777 exposuit,
2312 4708 2347 4764 l.
2386 4723 2433 4762 e.
2468 4725 2523 4780 p.
2562 4706 2703 4763 1078
2737 4723 2819 4779 sq.
2871 4704 3086 4776 scripsi.
3162 4701 3373 4771 Vulgo:

485 4798 611 4865 ἐπεὶ
647 4799 710 4851 δὲ
745 4800 823 4868 τῷ
856 4800 976 4871 θεῷ
1006 4805 1179 4876 πατρί
1210 4817 1320 4855 σου
1357 4804 1586 4877 Νέρονᾳ
1621 4804 1946 4873 συμβαλών,
1984 4806 2085 4861 sed
2132 4804 2191 4860 in
2227 4805 2388 4861 codd.
2428 4808 2685 4880 Νέρονας
2713 4805 2801 4862 vel
2826 4806 3053 4879 Νέρβας
3087 4800 3373 4859 scribitur.

565 4941 575 4949 .
624 4892 690 4965 2)
729 4894 909 4965 Vulgo
944 4912 1054 4953 om.
1090 4916 1170 4953 τε.

628 4990 686 5059 3)
725 4990 946 5049 Excidit
982 4994 1366 5067 participium,
1402 4998 1572 5070 quale
1614 5004 1702 5054 est
1737 5002 1994 5067 νομίζων.
