4400 5784
2132 619 2588 730 .-’6...

910 859 1263 934 Arrianus,
1338 859 1477 925 nisi.
1505 859 1685 948 quod
1732 861 1892 929 alter
1934 862 2270 931 Bionem
2316 862 2638 951 quendam
2683 861 2901 938 addit,
2974 883 3100 952 pro
3145 884 3278 952 quo
3325 861 3494 931 baud
3539 865 3678 932 scio
3725 885 3806 932 an

912 971 1150 1041 Biton
1204 974 1639 1043 restituendus
1696 978 1818 1053 sit,
1891 977 2077 1068 cujus
2134 979 2217 1045 (le
2262 978 2572 1046 machinis
2626 977 2874 1046 bellicis
2935 976 3226 1046 libellum
3284 977 3594 1048 babemus
3653 980 3808 1047 satis

915 1089 1175 1178 quidem
1220 1088 1571 1159 obscurum
1614 1091 1683 1158 in
1730 1092 2111 1161 collectione
2156 1093 2773 1161 Thevenotiana
2818 1116 2885 1183 p.
2925 1097 3292 1162 105—114.
3349 1094 3477 1163 Sed
3527 1094 3607 1162 de
3650 1095 3809 1162 scri-

912 1213 1172 1295 ptorum
1244 1205 1503 1274 illorum
1572 1205 1883 1276 brevitate
1942 1219 2005 1276 et
2066 1207 2147 1275 de
2204 1209 2304 1276 sui
2361 1209 2576 1298 operis
2638 1209 2888 1276 ratione
2945 1209 3154 1277 multo
3206 1209 3462 1299 plenius
3531 1209 3802 1299 exponit

912 1322 1215 1389 Aelianus
1276 1320 1514 1390 verbis:
1578 1319 1861 1407 ἐπέγνων
1904 1361 1989 1372 -
2045 1319 2534 1409 χρειωδέστερον
2585 1319 2856 1406 τούτου,
2925 1326 3124 1392 etiam·
3176 1325 3460 1396 Platonis
3521 1326 3806 1393 auctori-

914 1448 1045 1505 tate
1092 1435 1300 1504 allata.

1120 1567 1492 1625 Emendanda
1529 1569 1587 1625 in
1624 1569 1960 1626 Arriano:
1999 1572 2077 1644 τῷ
2100 1567 2436 1644 Ῥωμαίων]
2466 1568 2768 1643 Ῥωμαίῳ,
2817 1575 2882 1627 ut
2927 1575 2985 1628 et
3023 1571 3316 1628 Aelianus.
3352 1598 3420 1612 -
3469 1575 3592 1626 neat
3647 1573 3814 1646 Καρ-

1050 1664 1289 1735 χηδόνα]
1329 1665 1456 1721 dele
1494 1669 1593 1720 nal
1627 1670 1726 1722 aut
1760 1683 1909 1740 pone
1962 1675 2092 1724 ante
2140 1671 2587 1744 συγγέγραπται.
2633 1699 2684 1714 -
2741 1671 2804 1722 οἱ
2833 1669 2942 1738 μὲν
2989 1669 3118 1744 γὰρ
3164 1667 3258 1738 ὥς]
3308 1669 3435 1725 dele
3471 1687 3583 1745 γαρ
3595 1688 3618 1734 ,·
3667 1683 3802 1726 nam

1056 1778 1228 1818 unum
1266 1767 1353 1818 est
1390 1765 1705 1820 membrum
1738 1779 1771 1820 a
1808 1769 1907 1820 καὶ
1943 1770 2135 1821 τοίνυν
2170 1793 2240 1807 --
2273 1760 2557 1836 ἄγνωστα.
2579 1728 2854 1822 -ιτοῦτο
2894 1767 2955 1821 δὲ
2991 1763 3112 1823 αὐτ
3128 1765 3219 1835 ὸς]
3257 1763 3460 1824 αὖτόε
3493 1769 3808 1839 propter

1056 1859 1182 1918 boc
1230 1861 1480 1931 ipsum.
3600 1852 3614 1869 ⁹

1095 1957 1492 2015 .Emendanda
1544 1957 1605 2014 in
1652 1959 1991 2016 Aeliano:
2042 1959 2346 2036 Μνησθέα]
2397 1965 2716 2017 Μενεσθέα.
2791 1963 2915 2018 vid.
2961 1961 3128 2019 Hom.
3183 1959 3248 2029 B,
3291 1961 3398 2016 553
3432 1977 3516 2034 sq.
3555 1991 3621 2004 -
3677 1966 3802 2016 καὶ

1055 2052 1428 2130 στρατηγικὰ]
1469 2053 1507 2109 ὁ
1542 2056 1626 2111 τὰ
1656 2073 1810 2132 στρ.ε
1865 2059 2199 2135 exscripsit,
2255 2063 2316 2115 nt
2352 2060 2607 2130 saepiu,
2653 2059 2849 2132 Polyb.
2887 2059 2960 2128 X,
2997 2061 3086 2128 44,
3129 2059 3185 2114 t:
3233 2059 3462 2126 Αἰνείας
3502 2055 3537 2114 ὁ
3570 2057 3640 2114 τὰ
3672 2063 3804 2134 περὶ

1054 2153 1160 2206 τῶν
1195 2157 1589 2227 στρατηγικῶν
1628 2141 2017 2225 ὑπομνήματα
2053 2161 2525 2228 συντεταγμένος.
2599 2156 2720 2213 Nisi
2769 2161 2900 2214 ante
2940 2160 3041 2212 καὶ
3075 2173 3199 2231 στρ.
3237 2157 3449 2214 excidit
3486 2156 3807 2222 τακτικά,

1054 2251 1525 2320 quemadmodum
1576 2252 1669 2321 qui
1720 2255 1983 2323 superest
2030 2253 2266 2310 Aeneae
2318 2257 2390 2312 de
2441 2253 2733 2311 toleranda
2777 2255 3073 2311 obsidione
3123 2259 3394 2314 tractatus
3429 2271 3534 2328 per
3567 2256 3810 2314 abusum

1058 2346 1321 2404 τακτικόν
1359 2367 1418 2403 τε
1452 2352 1553 2402 καὶ
1590 2349 2039 2424 πολιορκητικὸν
2072 2348 2385 2422 ὑπόμνημα
2421 2351 2753 2408 inscribitur.

1135 2465 1295 2532 Ael.
1346 2464 1431 2532 Il.
1464 2502 1535 2530 =
1564 2468 1731 2533 Arr.
1788 2487 1840 2532 c.
1878 2470 2049 2532 ’2-7
2080 2470 2145 2537 S.
2178 2491 2241 2558 p.
2267 2473 2487 2536 5—17
2518 2472 2590 2537 B.
2643 2465 2742 2536 ὅτι
2788 2473 2990 2537 δεῑ-
3016 2467 3296 2556 ἔχοντας.
3357 2509 3436 2522 --
3481 2469 3802 2539 Arrianus

916 2580 1299 2656 accuratius,
1350 2602 1519 2669 qnae
1565 2579 1645 2647 ad
1693 2581 2065 2670 elephantos
2112 2596 2175 2650 et
2223 2606 2450 2652 currus
2494 2585 2838 2674 pertinent,
2871 2595 3250 2676 persecutus
3295 2597 3415 2663 est,
3467 2608 3638 2674 qnae
3667 2591 3799 2654 Ae-

916 2694 1126 2763 lianus
1173 2697 1572 2782 excerpsisse
1618 2697 1905 2773 videtur,
1957 2701 2335 2786 promittens
2374 2710 2588 2766 tamen
2632 2699 2738 2766 καὶ
2786 2740 2867 2750 -
2917 2697 3188 2786 ἐροῦμεν
3232 2722 3302 2768 se
3349 2700 3430 2769 de
3475 2722 3547 2769 re
3593 2701 3808 2770 navali

916 2821 1141 2900 postea
1188 2810 1543 2893 dicturum,
1593 2811 1767 2900 quod
1815 2834 1949 2880 uon
1994 2813 2143 2882 fecit

1127 2950 1493 3007 Emendanda
1530 2953 1589 3007 in
1626 2951 1965 3008 Arriano:
2014 2970 2063 3011 c.
2098 2952 2153 3008 2.
2207 2952 2374 3009 Initio
2425 2953 2509 3010 sic
2543 2953 2880 3028 interpungo
2926 2960 2984 3014 et
3019 2955 3237 3013 scribet
3275 2983 3342 2998 -
3393 2951 3676 3032 ἄρξομαι.
3711 2956 3804 3013 ὅτι

1056 3050 1165 3103 τῶν
1200 3049 1605 3123 παρασκευῶν,
1654 3041 1743 3102 ὦν
1778 3052 1889 3122 δε]
1920 3053 2000 3117 εἰς
2039 3050 2135 3105 τὸν
2171 3049 2451 3124 adamans,
2499 3049 2538 3122 ἧ
2569 3058 2678 3123 μέν
2714 3059 2824 3109 ete.
2873 3086 2922 3098 -
2981 3053 3114 3110 Post
3149 3059 3415 3125 μαχίμου
3448 3055 3594 3112 adde
3633 3053 3798 3111 haec:

1056 3144 1131 3201 τὸ
1176 3147 1307 3216 μὲν
1360 3143 1649 3215 ἁπλοῦν,
1707 3147 1781 3203 τὸ
1825 3149 2053 3216 πεζόνε
2104 3147 2202 3204 cfr.
2235 3147 2384 3205 infra
2421 3164 2471 3204 c.
2507 3147 2568 3204 3:
2623 3146 2660 3220 ἡ
2691 3151 2800 3220 μὲν
2849 3149 2922 3222 δὴ
2973 3149 3092 3206 ἀπὸ
3131 3154 3239 3206 τῶν
3285 3150 3609 3218 ἐλεφάντων
3643 3153 3805 3221 μάχη

1054 3242 1230 3314 ἁπλῆ
1262 3247 1438 3300 ἐστιν.
1476 3275 1542 3285 -
1594 3261 1643 3300 c.
1683 3245 1733 3300 3.
1786 3244 2103 3316 Distingue:
2151 3242 2369 3321 ἔφερον
2402 3242 2563 3300 ἔστιν
2597 3245 2694 3302 ὅτε
2731 3251 2792 3302 οἱ
2823 3248 3162 3317 ἐλέφαντες,
3217 3251 3325 3303 τῶν
3358 3250 3422 3304 δὲ
3457 3253 3556 3304 καὶ
3595 3251 3656 3304 οἱ
3687 3255 3795 3306 etc.

1054 3341 1263 3396 omisso
1301 3345 1428 3407 και,
1488 3343 1637 3414 quod
1678 3342 1843 3413 vulgo
1880 3347 2008 3415 post
2045 3341 2141 3398 ὅτε
2179 3343 2398 3414 legitur.
2438 3372 2506 3385 —
2553 3345 2642 3414 τῷ
2672 3345 2757 3414 μὴ
2792 3342 3022 3420 cinctum]
3064 3363 3141 3400 το
3157 3345 3202 3401 ὗ.
3249 3379 3300 3392 -
3359 3363 3408 3402 c.
3447 3347 3499 3402 4.
3537 3343 3608 3401 ἓν
3645 3364 3704 3402 τε
3741 3346 3806 3401 τὸ

1053 3435 1196 3512 ὀπὶ]
1238 3435 1323 3506 ἔς.
1372 3473 1420 3484 -
1468 3445 1595 3494 καὶ
1636 3438 1903 3515 σαρίσας]
1945 3437 1982 3510 ἦ
2016 3457 2150 3515 σαρ.
2192 3469 2253 3480 --
2295 3443 2459 3508 πᾶν,
2499 3439 2588 3497 ὁτι
2621 3439 2750 3516 περ]
2789 3441 3046 3508 πάντα,
3083 3440 3149 3511 ὅ,
3187 3461 3239 3499 τι
3276 3461 3398 3520 περ·
3437 3474 3507 3485 -
3559 3445 3674 3521 πρὸ
3705 3445 3804 3514 τῆς

1053 3535 1307 3606 κνήμης,
1343 3534 1427 3602 ὦς
1466 3539 1528 3590 ἐν
1566 3545 1689 3605 ταῖς
1723 3538 1938 3608 μάχαις
1973 3539 2481 3613 προβαλλομένης]
2521 3537 2844 3596 Schefferus
2889 3556 2960 3596 ex
2999 3540 3239 3612 Vegetio
3271 3541 3316 3611 Ι,
3351 3541 3423 3598 20
3455 3541 3644 3612 δεξιᾶς
3679 3547 3807 3613 poet

1052 3633 1277 3704 κνήμης
1312 3634 1441 3690 addi
1480 3637 1616 3690 vult.
1693 3635 1806 3690 Sed
1842 3636 2222 3707 comparanti,
2274 3651 2419 3708 quae
2467 3637 2600 3693 ibid.
2636 3641 2780 3693 extr.
2817 3638 3082 3709 leguntur
3128 3653 3256 3695 cum
3294 3639 3390 3705 iis,
3428 3654 3576 3711 quae
3613 3637 3804 3697 Livius

1051 3729 1161 3798 IX,
1200 3732 1272 3786 40
1308 3732 1379 3789 de
1416 3731 1651 3788 linteata
1690 3733 2022 3791 Samnitium
2060 3735 2284 3805 legione
2320 3735 2520 3803 refert,
2585 3734 2735 3791 baud
2782 3735 3152 3808 improbabile
3192 3737 3481 3806 videatur,
3517 3739 3802 3796 Romanos

1052 3829 1255 3887 milites
1292 3831 1405 3886 alio
1446 3836 1696 3902 tempore
1730 3829 1790 3885 in
1827 3830 2071 3896 sinistro,
2110 3833 2220 3886 alio
2255 3831 2315 3888 in
2353 3832 2558 3901 dextro,
2587 3848 2752 3890 crure
2795 3848 2991 3890 ocreae
3027 3835 3276 3904 singulas
3312 3834 3597 3892 babuisse.
3655 3834 3799 3894 Hinc

1052 3943 1153 4001 pro
1189 3925 1273 3994 ὥς
1312 3933 1527 3984 tantum
1565 3929 1689 3998 τῆς
1722 3929 2071 3999 scripserim,
2128 3945 2190 3984 re
2227 3928 2286 3985 in
2325 3930 2591 4000 ambiguo
2628 3931 2838 3992 relicta.
2887 3960 2936 3972 —
2997 3947 3044 3988 c.
3079 3931 3134 3986 5.
3171 3929 3210 4002 ἢ
3242 3933 3596 4007 κοντοφόροι
3631 3933 3805 3992 item-

1052 4041 1163 4096 que
1199 4026 1390 4098 paullo
1427 4029 1553 4096 post
1590 4023 1629 4096 ἢ
1662 4025 1893 4092 κόντοις
1927 4055 1995 4066 -
2031 4027 2399 4102 Σαυρομάται
2436 4027 2678 4084 delenda
2715 4033 2864 4098 sunt,
2903 4034 3096 4101 utpote
3134 4045 3206 4085 ex
3244 4030 3312 4086 iis
3348 4031 3616 4099 confecta,
3655 4046 3803 4103 quae

1054 4123 1195 4179 infra
1232 4139 1279 4178 c.
1316 4121 1353 4176 7
1391 4123 1677 4194 leguntur:
1704 4121 2008 4192 Ῥωμαίοις
2045 4153 2111 4163 -
2146 4118 2372 4190 ἔχουσι.
2451 4125 2525 4181 Et
2560 4125 2657 4181 cfr.
2697 4125 2996 4182 Aelianum
3035 4143 3084 4182 c.
3120 4127 3172 4182 6.
3227 4127 3363 4183 Post
3399 4129 3461 4182 οἳ
3493 4126 3564 4198 δὴ
3595 4132 3692 4184 καὶ
3730 4144 3802 4185 ex

1057 4221 1297 4277 Aeliano
1333 4220 1520 4278 insere
1558 4222 1742 4287 ἰδίως,
1778 4221 1876 4276 sed
1918 4227 2034 4278 tum
2071 4221 2228 4277 dele:
2281 4219 2323 4291 ἦ·
2355 4223 2706 4297 κοντοφόροι
2740 4224 2990 4297 itemque
3027 4226 3216 4296 paullo
3253 4231 3384 4282 ante
3420 4229 3520 4280 καὶ
3556 4225 3802 4292 κόντοις.

1059 4349 1121 4360 -
1160 4318 1576 4392 ἐφιστάμενοι]
1626 4319 1929 4390 ἀφιστάμ.
1966 4347 2035 4360 -
2082 4316 2589 4395 παριππεύοντες]
2643 4337 2943 4394 περιιππ.
2978 4351 3048 4364 -
3083 4320 3290 4378 αὐτοὶ
3327 4321 3649 4390 καλοῦνται]
3689 4318 3802 4378 οὗ-

1056 4432 1197 4477 τοι,
1237 4422 1298 4472 ut
1334 4421 1394 4471 et
1430 4417 1725 4472 Aelianus.
1776 4449 1821 4460 -
1870 4432 1919 4470 c.
1954 4416 2007 4471 7.
2043 4417 2464 4488 πεπληγμένον]
2500 4419 2930 4490 ἐπηλλαγμένοι·
2975 4420 3223 4492 conjecit
3259 4419 3580 4477 Doernerus
3613 4419 3672 4476 in
3707 4421 3802 4477 in-

1056 4515 1456 4584 terpretatione
1494 4514 1821 4582 vernacula,
1858 4515 2007 4586 quod
2046 4529 2184 4571 sane
2216 4528 2387 4586 supra
2423 4517 2548 4570 eat.
2610 4517 2726 4573 Sed
2753 4516 2900 4572 haud
2937 4516 3056 4574 scio
3093 4532 3166 4573 an
3200 4517 3594 4589 πεπλεγμένον
3629 4533 3800 4590 prae-

1056 4611 1347 4669 serendum
1388 4611 1475 4667 sit.

1124 4708 1497 4764 Emendamla
1536 4711 1594 4765 in
1631 4710 1677 4765 A
1698 4708 1974 4766 eliano:
2013 4713 2095 4776 εἰς
2131 4710 2295 4765 τοῦτο
2328 4710 2390 4765 δὲ
2428 4709 2495 4766 τὸ
2515 4715 2681 4782 γένος
2706 4714 2804 4764 καὶ
2834 4709 2901 4768 τὸ
2920 4711 3026 4766 τοῦ
3051 4709 3370 4787 Ἄργιλον
3403 4709 3584 4767 ὅπλον
3619 4731 3800 4770 κατα-

1054 4802 1334 4879 τάττεται]
1414 4806 1497 4862 De
1534 4807 1796 4877 peltastis
1829 4821 2150 4864 sermonem
2204 4821 2330 4864 esse
2375 4812 2559 4879 patet3
2617 4808 2720 4865 sed
2767 4809 2892 4879 quis
2927 4809 3020 4865 ille
3059 4810 3224 4867 suerit
3267 4808 3596 4882 Argilos,
3633 4826 3802 4868 nemo

1060 4905 1299 4962 tradidit.
1372 4903 1525 4963 Male
1560 4906 1761 4963 doctus
1796 4905 2043 4978 cogitare
2079 4902 2257 4976 possit
2291 4910 2391 4964 ant
2427 4907 2501 4963 de
2535 4906 2822 4978 Argilo,
2874 4905 3160 4966 Thraciae·
3202 4908 3370 4975 urbe,
3425 4923 3554 4966 cum
3588 4909 3806 4982 peltam
