4400 5784
2283 693 2374 706 -.
2489 655 2538 726 8
2657 695 2746 708 ..-

1038 861 1254 946 inepte
1301 858 1503 924 levem
1554 868 1941 925 armaturam
1992 871 2133 948 post
2167 863 2442 947 graviter
2471 871 2777 934 armatos,
2830 860 3074 947 equites
3109 869 3256 948 post
3292 859 3496 926 levem
3546 874 3930 929 armaturam

1038 975 1195 1062 poni
1240 985 1457 1040 monet
1502 973 1626 1048 ita,
1678 975 1859 1063 quasi
1910 975 2067 1042 baec
2114 976 2460 1044 collocatio
2519 987 2821 1044 constans
2869 985 3074 1048 esset.
3129 997 3316 1063 quam
3364 973 3638 1064 puhlicis
3686 986 3932 1044 tantum

1045 1090 1379 1178 copiarum
1429 1091 1963 1158 ostentationibus
2018 1094 2368 1159 convenire
2415 1103 2610 1182 patet.

1250 1203 1620 1260 Emendanda
1654 1205 1711 1260 in
1748 1205 2019 1262 Art-ian
2041 1221 2104 1261 o:
2156 1211 2253 1261 καὶ
2299 1208 2489 1276 στόμα
2525 1208 2587 1260 δὲ
2622 1209 2698 1261 οἱ
2729 1202 2910 1276 ἄλλοι]
2953 1203 3090 1262 Dele
3127 1208 3200 1258 οἱ.
3239 1237 3305 1247 -
3342 1212 3463 1272 τοῖς
3499 1206 3935 1280 πρωτοστάταις

1183 1298 1222 1371 ἦ·
1254 1308 1379 1366 τοῖς
1412 1301 1761 1370 ἐπιστάταις]
1814 1307 1911 1358 καὶ
1949 1321 1995 1357 τ.
2033 1306 2078 1358 ἐ.
2139 1303 2295 1361 idem
2335 1304 2530 1360 vitium
2568 1305 2626 1359 iu
2663 1304 2926 1360 Aeliano.
2965 1329 3032 1344 —
3073 1301 3366 1372 εὐώνυμον
3399 1301 3652 1377 μέρος]
3706 1307 3930 1376 κέρας

1182 1397 1275 1452 hic
1310 1399 1565 1470 quidem,
1620 1405 1682 1455 ut
1723 1401 1871 1471 apud
1912 1401 2231 1456 Aelianum.
2287 1431 2357 1444 —-
2407 1402 2504 1456 tva
2538 1402 2614 1455 δὲ
2668 1395 2866 1470 ὅπου]
2926 1401 2998 1454 δέ
3033 1417 3175 1454 που.
3241 1431 3292 1445 -
3352 1399 3572 1470 αὐτὴν
3623 1398 3929 1474 ὠφέλειαν]

1184 1495 1511 1553 Schefl'erus
1548 1492 1761 1564 αὖθις
1795 1500 2057 1569 conjecit.
2130 1500 2406 1555 Arrianus
2443 1493 2525 1553 αὖ
2558 1498 2680 1569 τὴν
2715 1497 2761 1551 ὦ
2820 1497 3060 1568 scripsit.
3113 1528 3162 1540 -
3229 1495 3392 1564 Quae
3441 1500 3630 1569 paullo
3673 1503 3799 1570 post
3835 1514 3936 1553 se-

1179 1598 1441 1665 quuntur.
1478 1596 1665 1651 statim
1694 1597 2047 1652 emendatius
2074 1597 2416 1654 describam:
2468 1596 2538 1650 οὗ
2564 1595 2682 1666 μὴν
2715 1595 2856 1650 ἀλλὰ
2885 1599 2986 1649 καὶ
3009 1597 3072 1650 ἐν
3107 1591 3250 1670 ἄλλῃ
3285 1596 3444 1670 χώρᾳ
3481 1592 3594 1666 ἤδη
3631 1599 3702 1650 οἱ
3735 1593 3935 1668 (vulgo

1183 1693 1323 1762 om.)
1376 1693 1547 1758 ψιλοὶ
1582 1691 1919 1764 ἐτάχθησαν
1956 1711 2159 1762 ποτε,
2213 1694 2299 1760 ὥς
2334 1692 2373 1764 ἢ
2410 1689 2608 1766 (vulgo
2643 1693 2976 1762 ἐτάχθησαν
3026 1691 3272 1756 ὁπότε,
3329 1691 3511 1748 οὕτω
3563 1693 3637 1747 δὲ
3689 1692 3789 1766 οἱ)
3839 1695 3936 1747 ἐπὶ

1183 1795 1361 1864 κέρως
1398 1791 1675 1865 ἑκατέρου
1710 1787 1770 1860 '’J'·
1811 1795 1864 1845 εἰ
1896 1793 2204 1866 πρόβλημα
2243 1791 2333 1861 εἴη
2369 1792 2471 1846 τοῦ
2503 1792 2703 1865 ἐτέρου
2738 1795 2919 1866 κέρως
2953 1791 3213 1861 ποταμὸς
3247 1787 3288 1861 ἧ
3320 1793 3542 1865 τάφρος
3576 1787 3614 1860 ἦ
3648 1791 3936 1856 θάλασσα,

1178 1888 1272 1940 ἐπὶ
1310 1890 1411 1941 τοῦ
1443 1888 1641 1962 ἑτέρον
1676 1891 1899 1958 μόνον
1946 1889 2017 1943 ἐν
2064 1887 2408 1963 ὑπερδεξὶΙῳ
2455 1885 2656 1960 (vulgo
2699 1890 2831 1956 μὲν
2867 1886 3203 1962 ὕπερδεξὶω
3218 1885 3280 1960 ς)
3334 1889 3436 1942 τοῦ
3470 1892 3689 1962 χωρίον
3723 1891 3829 1944 etc.
3879 1921 3926 1933 -

1182 1981 1374 2049 ὅπως
1408 1982 1497 2051 ἂν]
1537 1982 1724 2038 ὅπου
1756 1981 1846 2039 ἄν.
3733 2003 3742 2014 ·

1261 2082 1423 2150 Ael.
1490 2083 1657 2150 vm.
1703 2121 1770 2150 =
1811 2088 1987 2151 ΑΗ.
2044 2106 2096 2150 c.
2174 2089 2255 2150 14
2319 2085 2380 2152 S.
2431 2107 2494 2173 p.
2545 2087 2628 2150 27
2693 2105 2787 2172 sq.
2846 2085 2917 2150 B.
2970 2123 3052 2134 —
3095 2081 3171 2149 τό
3227 2081 3346 2168 μὲν
3399 2073 3522 2150 οὖν
3565 2121 3652 2132 --—
3696 2081 3930 2168 δεήσει.

1042 2199 1313 2264 Prorsus
1345 2200 1604 2286 utrique
1638 2201 1937 2266 convenit
1972 2200 2052 2266 de
2084 2221 2501 2267 numerorum
2541 2199 2794 2266 illorum
2837 2221 3105 2275 canone,
3146 2197 3502 2267 secundum
3545 2221 3735 2286 quem
3761 2199 3936 2289 justa

1042 2312 1326 2399 phalanx
1378 2324 1677 2380 constare
1714 2313 1981 2403 jubetur
2026 2335 2105 2380 ex
2161 2319 2442 2388 16.381t‚
2515 2314 2672 2380 levis
2723 2329 3040 2381 armatura
3091 2338 3171 2381 ex
3219 2319 3430 2390 8¹92,
3482 2315 3806 2403 equitatus
3853 2338 3928 2380 ex

1042 2432 1217 2494 4096
1291 2429 1459 2494 viris.
1566 2429 1691 2510 Qui
1764 2431 2014 2496 numeri
2071 2429 2528 2518 perridiculum
2591 2439 2686 2495 est
2754 2429 2927 2518 quod
3004 2453 3148 2496 cum
3220 2431 3342 2497 illis
3413 2429 3926 2498 distributionum

1042 2541 1395 2627 figmentis.
1449 2543 1527 2610 de
1575 2543 1809 2632 quihus
1842 2546 2051 2612 statim
2085 2544 2466 2620 videbimuS‚
2514 2558 2835 2632 tamquam
2872 2555 3117 2611 certum
3168 2558 3600 2633 constansque
3647 2545 3930 2613 Graeco-

1041 2679 1187 2725 rum
1236 2669 1299 2724 ct
1342 2658 1772 2726 Macedonum
1819 2661 2173 2727 institutum
2222 2663 2284 2726 in
2333 2662 2764 2727 recentiorum
2812 2660 3049 2735 libros,
3101 2672 3172 2727 ut
3219 2663 3586 2750 nuperrime
3631 2661 3818 2727 etiam
3863 2659 3928 2726 in

1038 2773 1349 2840 Riickerti
1396 2773 1566 2839 illam
1618 2776 2138 2864 compilationem
2185 2799 2253 2865 p.
2301 2781 2498 2849 2-5‚
2549 2777 2956 2843 transierunt.
3050 2779 3244 2864 Atqui
3277 2777 3342 2841 in
3390 2787 3668 2862 utroque
3713 2767 3931 2841 libello

1044 2910 1144 2954 res
1193 2891 1277 2954 ita
1326 2899 1672 2964 tractatur,
1723 2905 1795 2958 ut
1825 2912 2131 2957 numeros
2163 2891 2306 2957 illos
2339 2891 2417 2956 ab
2466 2890 2566 2964 iis,
2618 2893 2728 2979 qui
2777 2893 2929 2957 artis
2961 2903 3305 2980 praecepta
3349 2888 3697 2966 traderent,
3751 2911 3930 2956 com-

1042 2983 1367 3072 moditatis
1416 3015 1479 3070 et
1536 3005 1815 3094 exempli
1862 3009 2064 3094 gratia
2112 3007 2510 3094 excogitatos
2567 3027 2706 3072 esse
2754 3006 3103 3072 clarissime
3151 3016 3481 3095 appareat.
3579 3004 3723 3072 Huc
3767 3005 3929 3070 enim

1043 3133 1104 3186 et
1148 3123 1401 3187 Arriani
1449 3123 1608 3189 illud
1665 3123 1973 3211 pertinet:
2048 3116 2283 3187 ὁποία
2343 3119 2512 3188 ἐστὶν
2556 3115 2598 3206 ἡ
2647 3159 2728 3171 -
2773 3116 2948 3200 τάξις
2992 3121 3058 3186 εἰ
3100 3116 3329 3206 τύχοι
3374 3109 3576 3187 οὖσα
3621 3115 3933 3205 ὁπλιτική,

1041 3251 1103 3304 et
1149 3237 1322 3324 quod
1372 3240 1560 3305 etiam
1610 3239 1918 3306 Aelianus
1968 3236 2148 3304 dicit:
2197 3233 2358 3303 ὅθεν
2403 3237 2469 3302 οἱ
2507 3237 2768 3313 πλείους
2810 3239 2940 3302 τῶν
2982 3232 3246 3301 τακτικὰ
3295 3233 3938 3320 συγγραψάντων

1045 3389 1147 3401 -—
1174 3349 1293 3437 τὴν
1358 3358 1489 3420 τῶν
1555 3350 1834 3420 ὁπλιτῶν
1900 3348 2282 3438 φάλαγγα
2351 3349 2779 3436 ἐποίησαν,
2867 3353 3184 3439 itemque.
3273 3361 3617 3438 postquam
3685 3363 3935 3418 ceteros

1040 3489 1344 3535 numeros
1410 3469 1685 3536 addidit:
1758 3465 2011 3534 τύπου
2074 3457 2197 3534 οὖν
2255 3467 2360 3534 καὶ
2427 3462 2902 3552 ὑπογραφῆς
2969 3463 3154 3532 ἕνεκα
3209 3461 3248 3531 ὁ
3306 3469 3598 3542 τοιοῦτος
3655 3461 3934 3550 ἀριθμὸς

1041 3581 1409 3667 ἐγκρίνεται.

1254 3698 1631 3754 Emendanda
1671 3701 1725 3754 in
1765 3699 2100 3755 Arriano:
2160 3698 2313 3763 ὅπως
2365 3694 2649 3770 συντάξει]
2701 3700 2824 3768 post
2862 3692 3014 3762 ὅπως
3063 3695 3206 3752 adde
3241 3696 3322 3748 δι’.
3358 3723 3426 3734 -
3485 3693 3932 3766 ἐπασκητέον]

1178 3797 1720 3867 ἐπισκοπητέον.
1758 3824 1829 3838 --
1866 3793 2049 3862 ὅσας
2084 3794 2326 3868 migne]
2368 3795 2608 3861 πάσας
2643 3811 2704 3852 π.

1264 3895 1421 3960 Ael.
1478 3893 1603 3961 IX.
1634 3927 1706 3958 =
1738 3899 1905 3962 Arr.
1967 3917 2021 3962 c.
2065 3900 2145 3960 14
2192 3907 2354 3960 extr.
2413 3899 2490 3960 15
2531 3895 2594 3963 S.
2642 3916 2709 3982 p.
2749 3897 3014 3960 28—32
3061 3893 3132 3959 B.
3181 3887 3410 3958 αὐτίκα
3443 3929 3524 3940 -
3556 3887 3928 3957 λειπόντων.

1049 4011 1252 4076 Etiam
1300 4011 1365 4074 in
1414 4011 1509 4076 bis
1557 4008 1889 4098 phalangis
1938 4008 2492 4077 distributionibus
2537 4031 2808 4097 prorsus
2855 4006 3046 4075 ambo
3095 3995 3544 4080 consentiunt,
3594 4008 3711 4072 nisi
3759 4005 3933 4092 quod

1050 4127 1356 4192 Arrianus
1425 4125 1633 4202 addit,
1706 4126 2208 4192 taxiarcbam
2267 4124 2586 4192 interdum
2650 4126 2839 4191 etiam
2901 4122 3629 4191 hecatontarcbam
3695 4121 3932 4187 dictum

1049 4263 1225 4315 esse,
1299 4253 1363 4308 et
1420 4240 1592 4330 quod
1657 4243 1831 4329 quini
1897 4242 1983 4309 illi
2034 4239 2570 4316 extraordinarii,
2644 4241 2755 4327 qui
2814 4241 3076 4328 singulis
3123 4238 3536 4327 syntagmatis
3583 4235 3928 4312 adduntur,

1051 4357 1221 4446 apud
1272 4357 1610 4424 Arrianum
1660 4355 2096 4431 ἐπίλεκτοι.
2171 4355 2345 4444 apud
2393 4355 2722 4422 Aelianum
2778 4351 3152 4420 ἔκτακτοι
3197 4354 3526 4440 leguntur.
3593 4373 3719 4440 qua
3767 4371 3927 4418 voce

1041 4474 1205 4540 infra
1254 4473 1392 4539 Ael.
1451 4495 1505 4538 c.
1558 4476 1661 4538 16.
1716 4479 1858 4538 Arr.
1909 4494 1963 4538 c.
2014 4475 2117 4536 22.
2168 4495 2231 4558 p.
2281 4476 2368 4536 40
2423 4483 2693 4557 uterque
2749 4471 2848 4538 usi
2911 4481 3077 4536 sunt.
3171 4467 3449 4534 Omnem
3505 4480 3719 4534 autem
3767 4468 3934 4534 banc

1044 4585 1450 4677 partitionem
1500 4609 1629 4652 non
1680 4599 2046 4654 constanter
2090 4585 2334 4674 ubique
2381 4587 2444 4652 in
2491 4607 2609 4652 usu
2659 4585 2890 4659 fuisse,
2956 4583 3069 4651 sed
3116 4593 3361 4650 tantum
3411 4582 3683 4650 docendi
3731 4584 3931 4670 gratia

1049 4727 1081 4769 a
1130 4701 1555 4791 scriptoribus
1606 4704 1877 4791 positam
1927 4723 2099 4776 esse,
2171 4702 2402 4767 iterum
2450 4697 2711 4766 Arriani
2769 4699 2962 4766 verba
3014 4699 3246 4765 docent
3290 4721 3354 4787 p.
3401 4699 3488 4764 28
3535 4693 3700 4763 ἐπεὶ
3751 4699 3932 4784 (sici)

1042 4822 1133 4906 τῷ
1188 4814 1357 4907 λόχῳ
1403 4855 1489 4865 —-
1534 4811 2037 4901 ὑπεθέμεθα,
2106 4828 2169 4883 et
2215 4840 2278 4903 p.
2329 4819 2446 4881 31:
2520 4813 2743 4884 ὅντινα
2797 4809 2915 4881 τὸν
2971 4810 3181 4896 πάντα
3239 4807 3543 4896 ἀριθμὸν·
3580 4815 3660 4898 τῇ
3715 4811 3934 4897 πεζικῇ

1044 4929 1217 5012 τάξει
1262 4928 1771 5016 ὑπεθέμεθα,
1820 4931 1921 4998 καὶ
1972 4925 2130 4998 εἷεν
2176 4929 2248 4998 ἐν
2289 4926 2497 5021 τούτῳ
2541 4929 2777 5017 κέρατα
2819 4927 2939 5016 μὲν
2984 4926 3106 4996 δύο
3153 4939 3272 4996 etc.
