4400 5784
1637 645 1720 653 -
1841 606 2140 673 13¹—

743 810 872 873 τῶν
899 812 1132 893 μερῶν.
1227 806 1394 894 (Aet.
1441 806 1772 877 XVlll—
1801 806 1964 876 XX.
2015 830 2084 856 =
2129 815 2273 877 Arr.
2310 834 2363 877 c.
2412 816 2672 877 act—27
2722 810 2791 875 S.
2845 834 2909 898 p.
2946 815 3211 877 42--52
3242 810 3316 878 Β.

741 921 1216 992 XVI—XVIII
1260 921 1374 1009 Μ.)

621 1021 682 1122 ᾗ
733 1038 888 1122 Περὶ
937 1035 1261 1124 ἁρμάτων.
1413 1040 1555 1106 Aet.
1601 1036 1837 1107 xxii.

611 1138 682 1219 ff
737 1154 898 1237 Περὶ
941 1150 1326 1238 ἐλεφάντων.
1373 1054 1548 1231 (Aet.
1595 1152 1860 1223 XXIII.

623 1254 680 1334 ἶ
737 1271 892 1353 Περὶ
939 1274 1068 1335 τῶν
1111 1274 1298 1357 κοινῇ
1341 1265 1504 1335 κατὰ
1545 1267 1666 1354 τὴν
1710 1271 1962 1353 κίνησιν
2006 1266 2391 1354 ὀνομασιῶν.
2477 1272 2637 1357 (Ael.
2684 1270 2915 1339 XXIV
2922 1270 3322 1342 -XXV111.

737 1384 974 1453 XXX.
1022 1406 1089 1433 =
1135 1388 1284 1452 Arr.
1333 1410 1388 1451 c.
1443 1390 1705 1453 29—36
1755 1384 1824 1453 S.
1873 1408 1935 1473 p.
1984 1392 2249 1453 53—-64
2297 1385 2367 1453 Β.
2426 1384 2887 1455 XX—XXVI
2930 1386 3045 1469 Μ.)

619 1484 706 1567 ια’.
736 1502 896 1584 Περὶ
925 1505 1055 1567 τῶν
1079 1500 1150 1567 ἐν
1171 1508 1310 1579 ταῖς
1331 1502 1619 1587 πορείαις
1653 1504 2099 1585 σχηματισμῶν
2121 1506 2251 1567 τῶν
2273 1500 2437 1569 κατὰ
2458 1500 2887 1587 συντάγματα.
2938 1503 3095 1587 (Vid.
3114 1506 3320 1587 infra.)

619 1602 701 1701 ἷῖ.
741 1619 902 1699 Περὶ
956 1621 1086 1683 τῶν
1137 1614 1300 1682 κατὰ
1353 1613 1472 1701 τὴν
1525 1618 1775 1701 κίνησιν
1835 1612 2050 1682 αὐτῶν
2107 1616 2632 1702 προσταγμάτων.
2740 1619 2897 1702 (Ael.
2948 1616 3221 1687 XXXII
3241 1660 3315 1669 —-

740 1729 1030 1799 XXXV.
1085 1731 1192 1800 Ll.
1240 1732 1412 1799 Llll.
1481 1752 1552 1779 =
1619 1738 1762 1799 Arr.
1813 1754 1866 1797 c.
1915 1737 1999 1798 3⁷
2049 1730 2118 1799 S.
2164 1754 2229 1820 p.
2277 1739 2361 1799 64
2408 1754 2499 1821 sq.
2548 1732 2621 1798 B.
2679 1731 2946 1799 XXVII
2990 1732 3081 1801 Μ.
3176 1739 3317 1801 Arr.

739 1870 794 1912 c.
849 1852 1110 1915 41—45
1159 1846 1226 1915 S.
1275 1869 1336 1935 p.
1387 1850 1647 1914 69—74
1691 1846 1765 1913 Β.
1813 1844 2028 1914 XXX
2073 1868 2142 1895 =
2188 1846 2472 1915 XXXII
2514 1846 2631 1933 Μ.)

625 1964 781 2042 Sed,
839 1976 912 2030 ut
956 1984 1040 2030 ex
1085 1964 1426 2051 specimine
1470 1962 1748 2051 quodam
1793 1975 2119 2050 appareat,
2167 1984 2333 2051 quae
2376 1964 2543 2030 inter
2590 1964 3139 2051 Asclepiodotum,
3197 1966 3317 2031 Ar-

461 2080 708 2144 rianum
755 2089 817 2144 et
858 2080 1192 2147 Aelianum
1239 2118 1320 2127 -—
1388 2079 1866 2145 retineamus
1926 2080 2120 2145 enim
2189 2079 2312 2145 hic
2376 2100 2693 2169 quoque
2755 2079 3181 2146 brevitatis
3242 2092 3319 2145 et

457 2194 1044 2261 commoditatis
1088 2195 1349 2281 gratia
1398 2195 1584 2261 haec
1629 2196 1926 2261 uomina
1981 2232 2056 2242 —-
2106 2194 2271 2259 ratio
2316 2194 2692 2270 intercedat,
2740 2194 2872 2283 jam
2916 2195 3189 2283 primum
3220 2218 3317 2262 se-

455 2320 686 2393 quatur
727 2309 892 2375 illius
938 2321 1158 2398 caput,
1215 2312 1317 2377 cui
1365 2332 1527 2399 quae
1573 2310 1958 2397 respondent
2002 2310 2308 2375 Arrianea
2356 2321 2419 2375 et
2466 2310 2763 2376 Aelianea
2810 2332 2846 2375 e
2892 2312 3153 2397 regione
3198 2331 3315 2396 po-

455 2424 654 2489 nenda
703 2428 932 2492 curavi
973 2426 1086 2501 ita,
1135 2436 1206 2491 ut
1251 2426 1350 2492 vel
1395 2429 1603 2513 primo
1650 2426 1985 2493 oculorum
2031 2423 2261 2491 obtutu
2326 2436 2387 2490 et
2433 2446 2595 2512 quae
2640 2426 3032 2492 consentiant
3088 2439 3197 2492 aut
3240 2427 3303 2491 in

447 2540 741 2606 omnibus
807 2554 916 2607 aut
978 2543 1041 2607 in
1101 2540 1265 2607 binis
1320 2540 1568 2615 libellis,
1637 2552 1700 2607 et
1763 2562 1926 2627 quae
1969 2540 2313 2627 unicuique
2356 2541 2616 2628 propria
2661 2542 2815 2615 sint,
2870 2540 3051 2607 facile
3096 2540 3319 2627 digno-

441 2668 716 2723 scantur.
791 2654 892 2722 De
923 2655 1133 2731 hrevi,
1180 2678 1368 2744 quam
1401 2656 1642 2744 adjeci,
1687 2655 2093 2722 adnotatione
2126 2656 2344 2722 critica
2379 2656 2503 2722 hoc
2534 2677 2733 2722 unum
2765 2655 3070 2722 adnotare
3102 2666 3311 2727 restat.

445 2774 508 2837 in
558 2774 730 2838 notis
776 2772 856 2837 ad
903 2774 1242 2839 Arrianum
1287 2771 1750 2859 pertinentibus
1793 2772 2038 2837 literam
2083 2788 2123 2837 a
2167 2769 2520 2857 siguificare
2566 2767 2879 2837 Schess'eri
2902 2824 2917 2847 ,
2977 2771 3219 2837 literam
3264 2779 3318 2837 b

449 2885 784 2955 Blancardi
819 2886 1187 2966 editionem,
1233 2888 1478 2955 literam
1525 2892 1591 2953 Ε
1637 2888 1971 2974 utriusque
2017 2906 2393 2953 consensum
2414 2938 2429 2963 ,
2476 2892 2565 2952 Μ
2612 2883 2905 2953 Muelleri
2952 2887 3312 2965 editionem,

447 3008 512 3067 Ρ
561 3003 844 3068 codicem
881 3002 1238 3069 Parisinum
1285 3007 1459 3069 2446
1503 3002 1584 3068 ab
1631 3000 2007 3069 Hunzikero
2047 3002 2371 3076 collatum,
2418 3006 2501 3067 K
2547 3001 3049 3069 dissertationem
3088 3022 3313 3079 meam,

451 3120 552 3182 cui
599 3117 982 3205 supplendae
1027 3118 1186 3185 hanc
1214 3120 1410 3205 ipsam
1441 3119 1682 3205 scripsi.
1776 3116 1850 3183 In
1893 3127 2116 3205 quarta
2165 3116 2434 3204 denique
2480 3118 2847 3204 paginarum
2879 3118 3187 3191 sectione,
3234 3140 3315 3183 ue

453 3233 603 3318 quid
649 3234 904 3300 omnino
956 3234 1236 3309 deesset,
1283 3244 1584 3320 excerpta
1629 3232 1839 3321 adjeci
1886 3254 1970 3299 ex
2012 3233 2221 3298 lexico
2265 3231 2372 3297 illo
2418 3232 2703 3308 militari,
2774 3234 2945 3319 quod
2995 3255 3165 3299 »nou
3210 3253 3316 3299 so-

1929 1104 1998 1131 =
2030 1085 2174 1152 Arr.
2210 1109 2262 1151 c.
2299 1090 2383 1153 28
2418 1084 2486 1153 S.
2521 1108 2581 1172 p.
2620 1092 2701 1152 52
2734 1110 2829 1174 sq.
2870 1090 2939 1153 B.
2973 1085 3149 1154 XIX
3178 1044 3317 1215 Μ.)

446 3349 574 3413 lum
608 3351 670 3413 in
704 3348 997 3415 omnihus
1029 3347 1436 3421 editionibus.
1483 3347 1596 3413 sed
1630 3348 1815 3414 etiam
1862 3348 1927 3413 in
1960 3346 2333 3434 quibusdam
2378 3368 2525 3413 mss.
2574 3347 2808 3415 Suidae
2860 3346 3311 3436 subjunctum“

445 3463 562 3529 hoc
609 3465 792 3530 titulo
836 3464 1094 3550 legitur:
1163 3458 1499 3549 Ἑρμηνεία
1539 3467 1669 3529 τῶν
1713 3459 2307 3547 ἐπιστρατευμάτων
2350 3462 2457 3527 καὶ
2500 3466 2861 3547 πολεμικῶν
2902 3461 3319 3547 παρατάξεων

452 3583 720 3663 φωνῶν,
775 3579 1071 3666 idemque
1129 3600 1165 3645 a
1210 3576 1705 3647 Montefalconio
1751 3582 1816 3645 in
1881 3576 2164 3645 biblioth.
2231 3574 2490 3644 Coislin.
2536 3600 2597 3666 p.
2646 3584 2995 3645 505-513
3052 3602 3135 3646 ex
3190 3582 3310 3647 Hs.

449 3692 639 3761 Coisl.
677 3700 826 3760 347.
876 3716 1038 3761 saec.
1074 3691 1175 3761 IX
1210 3696 1307 3761 vel
1338 3691 1409 3761 X
1453 3693 1574 3761 sub
1620 3695 1735 3761 hac
1778 3694 2277 3782 praescriptione
2322 3693 2557 3760 editum
2604 3705 2728 3760 est:
2776 3690 2921 3759 ὅσαι
2966 3690 3305 3778 ὀνομασίαι

441 3807 654 3895 ἀρχῶν
697 3833 764 3876 τε
779 3862 798 3891 ,
841 3807 1081 3889 τάξεων
1117 3808 1224 3875 καὶ
1259 3803 1554 3893 πλήθους
1597 3812 1727 3875 τῶν
1757 3806 1829 3875 ἐν
1871 3816 2011 3887 ταῖς
2043 3814 2411 3893 πολεμικαῖς
2440 3816 2873 3891 παρασκευαῖς
2912 3809 3023 3875 καὶ
3047 3811 3307 3896 χρείαις,

446 3928 612 3992 unde
659 3926 1086 4012 discrepantes
1128 3925 1473 4012 scripturas
1527 3924 1804 3991 enotavit
1835 3924 2299 4013 Bernhardyus.
2391 3924 2515 3992 Sed
2560 3924 2731 3991 unde
2776 3924 3035 3993 ductum
3078 3926 3157 3993 sit
3187 3925 3311 3993 hoc

440 4042 724 4113 lexicon,
771 4038 962 4129 cujus
993 4040 1346 4107 notationes
1389 4040 1672 4126 singulae
1715 4060 1836 4107 suo
1869 4042 2014 4109 loco
2059 4041 2247 4107 etiam
2292 4039 2458 4127 apud
2493 4037 2757 4107 Suidam
2804 4040 3128 4129 leguntur,
3176 4042 3311 4129 jam

448 4158 667 4222 tertius
713 4155 943 4223 indicat
990 4156 1231 4224 titulus:
1298 4152 1488 4235 Τάξις
1513 4153 1754 4222 παλαιὰ
1800 4156 1908 4221 καὶ
1951 4150 2292 4239 ὀνομασίαι
2334 4158 2464 4221 τῶν
2507 4150 2838 4239 ἀρχόντων
2884 4156 3043 4239 (sici)
3090 4153 3163 4221 ἐκ
3188 4161 3310 4223 τοῦ

437 4273 783 4345 Αῑλιανοῦ,
839 4291 969 4358 quo
1013 4272 1386 4338 instructum
1442 4270 1608 4337 idem
1655 4270 1844 4345 illud,
1906 4285 1974 4338 ut
2017 4270 2153 4360 jam
2201 4290 2403 4357 nuper
2450 4272 2667 4336 notavi
2719 4292 2783 4357 p.
2837 4275 2912 4345 4.
2970 4267 3127 4338 Tho
3144 4293 3301 4339 mae

453 4383 838 4474 Magistro
886 4384 1332 4475 Phrynicho
1379 4398 1442 4451 et
1486 4383 2021 4474 Moschopulo
2068 4384 2359 4453 Lutetiae
2388 4384 2555 4471 apud
2587 4383 3013 4452 vascosanum
3042 4408 3097 4453 a.
3138 4392 3307 4453 1532

439 4502 761 4590 impressis
813 4501 1127 4591 adjectum
1173 4514 1284 4567 est.
1401 4498 1572 4568 Hinc
1642 4503 1844 4568 levem
1913 4499 2132 4589 Haasii
2189 4521 2481 4567 errorem
2551 4502 2876 4585 corrigere
2938 4502 3118 4582 licet,
3180 4527 3309 4593 quo

435 4618 476 4681 l.
531 4639 586 4684 c.
636 4639 697 4704 p.
747 4620 788 4683 8
833 4616 953 4684 sub
999 4638 1267 4685 numero
1315 4622 1353 4684 6
1419 4617 1766 4685 »lexicon
1813 4618 2146 4683 militare
2206 4616 2398 4681 semel
2456 4614 2691 4682 editum
2736 4616 2801 4683 iu
2862 4616 3011 4684 hibl.
3073 4616 3307 4686 Coislss

433 4746 496 4799 et
539 4731 658 4799 suh
705 4754 976 4799 numero
1027 4738 1097 4799 11
1177 4728 1391 4812 »τάξις
1433 4730 1674 4799 παλαιὰ
1712 4732 1822 4797 καὶ
1865 4728 2207 4815 ὀνομασίαι
2247 4733 2377 4796 τῶν
2419 4724 2776 4815 ἀρχόντων,
2822 4746 3125 4821 excerpta
3155 4735 3304 4802 olim

431 4848 650 4915 lexicis
699 4849 1074 4935 plerumque
1119 4848 1446 4937 subjecta«
1491 4861 1810 4935 tamquam
1858 4848 2103 4913 diversa
2149 4847 2384 4933 scripta
2432 4846 2731 4914 distinxit.
