4400 5784
447 825 544 904 11,
614 847 674 911 p.
726 829 766 889 3
813 824 975 899 dixi,
1049 844 1311 910 prorsus
1359 843 1480 909 pro
1543 844 1672 889 uno
1718 823 1934 889 baberi
1993 823 2254 910 possint.
2364 823 2575 889 Porro
2622 823 2743 891 buc
2790 825 3109 912 pertinent
3156 828 3327 891 2443

447 940 548 1023 (G)
610 940 826 1006 itidem
887 938 967 1005 ab
1029 937 1278 1035 Angelo
1349 935 1650 1027 Verg‘etio
1709 940 2010 1025 scriptus.
2082 938 2352 1005 fortasse
2408 960 2576 1005 anno
2639 943 2839 1014 1549,
2907 940 2959 1006 si
2988 966 2995 973 ·
3025 938 3179 1006 fides
3236 950 3331 1004 est

448 1058 592 1122 huic
639 1076 909 1121 numero
963 1056 1027 1120 in
1104 1053 1245 1120 libri
1301 1053 1514 1120 fronte
1559 1054 1805 1141 posito;
1871 1066 2006 1120 tum
2058 1058 2228 1120 1774
2279 1052 2428 1141 (H),
2499 1056 2607 1143 qui
2654 1054 2812 1121 banc
2856 1054 3045 1122 habet
3088 1054 3327 1121 inscri—

451 1173 765 1259 ptionem:
839 1170 1016 1251 „cod
1065 1170 1278 1256 regius
1325 1174 1502 1237 3064
1546 1169 1944 1245 chartaceus,
2013 1170 2286 1257 scriptus
2340 1172 2603 1236 ineunte
2648 1170 2900 1237 saeculo
2946 1166 3140 1247 xvh
3209 1169 3328 1235 fuit

445 1289 592 1353 olim
643 1286 906 1352 Antonii
964 1283 1290 1371 Eparcbii,
1361 1286 1470 1373 qui
1531 1306 1676 1351 eum
1743 1284 1913 1351 dono
1977 1283 2150 1350 dedit
2210 1286 2345 1370 regi
2389 1284 2735 1352 Francisco
2782 1283 2847 1361 1,
2908 1297 2982 1351 ut
3025 1296 3197 1372 patet
3244 1307 3325 1350 ex

444 1403 660 1469 notula
705 1402 900 1488 ipsius
957 1398 1252 1487 Eparcbii
1315 1422 1501 1467 manu
1547 1400 1860 1487 adscripta
1908 1399 2098 1467 indici
2145 1422 2400 1474 eorum.
2465 1422 2625 1489 quae
2671 1400 2791 1466 boc
2851 1400 3073 1467 codice
3118 1402 3329 1467 conti-

447 1528 698 1584 nentur.
715 1521 748 1547 ‘⁶
842 1514 922 1581 Et
969 1515 1093 1581 alio
1142 1515 1318 1583 loco:
1373 1522 1540 1581 »lste
1588 1515 1793 1583 codex
1837 1515 2046 1582 illatus
2092 1515 2209 1582 suit
2253 1518 2319 1582 in
2365 1512 2823 1581 Bibliothecam
2872 1517 3111 1603 regiam
3159 1536 3325 1581 anno

456 1637 689 1699 1530.«
785 1630 950 1697 Sunt
1007 1642 1068 1695 et
1120 1630 1184 1696 hi
1233 1630 1572 1697 chartacei:
1676 1628 1849 1697 Huic
1902 1631 2081 1697 classi
2129 1632 2313 1698 etiam
2360 1630 2785 1697 accensendus
2832 1642 2927 1696 est
2970 1632 3073 1697 ille
3120 1629 3329 1698 codex

450 1771 600 1823 ms„
666 1758 718 1811 'e
774 1768 901 1834 quo
961 1747 1263 1813 lectiones
1323 1748 1530 1814 variae
1587 1746 1940 1834 descriptae
1993 1747 2145 1813 olim
2199 1769 2274 1813 ac
2329 1755 2581 1813 notatae
2636 1744 2715 1811 ab
2785 1747 3107 1812 »Hearico
3179 1743 3323 1814 Ste-

449 1865 700 1950 phano«
748 1864 811 1927 in
858 1862 1251 1929 Arcerianae
1317 1862 1608 1928 editionis
1663 1863 1930 1928 introitu
1974 1863 2289 1947 leguntur.
2389 1859 2513 1928 Eas
2557 1862 2859 1927 lectiones
2917 1861 3097 1927 litera
3136 1858 3187 1927 S
3233 1863 3331 1926 in-

449 1981 732 2066 signitas,
778 1977 886 2044 ubi
932 2000 1094 2065 opus
1141 1978 1294 2054 erit,
1341 1975 1876 2044 commemorabo.
1970 1974 2102 2042 Sed
2157 1977 2458 2052 omnium,
2508 1978 2615 2065 qui
2661 1977 2851 2066 hujus
2896 1976 3105 2043 classis
3152 1990 3324 2049 sunt.

447 2095 752 2162 librorum
822 2094 1092 2159 maxime
1151 2092 1442 2163 notabilis
1511 2104 1607 2157 est
1673 2097 1874 2166 2526,
1945 2092 2160 2159 itidem
2230 2090 2509 2179 Vergetii
2578 2114 2766 2159 manu
2842 2094 3143 2180 scriptus.
3218 2094 3324 2179 qui

445 2220 691 2277 textum
738 2210 1026 2295 primitus
1073 2209 1342 2275 eundem
1392 2209 1528 2274 fere
1573 2219 1764 2295 atque
1819 2204 2144 2284 CEGHS,
2201 2208 2308 2273 sed
2364 2208 2741 2296 plerumque
2786 2230 2869 2274 ex
2915 2207 2973 2273 A
3019 2209 3153 2275 sive
3198 2207 3322 2273 alio

445 2326 672 2412 prioris
717 2324 928 2390 classis
973 2324 1138 2390 libro
1186 2336 1548 2391 correctum
1595 2322 1872 2390 exhibet.
1964 2321 2040 2389 Ei
2085 2322 2329 2389 literam
2376 2322 2435 2389 D
2484 2321 2847 2412 adsignabO.

617 2440 690 2505 In
737 2438 1043 2505 librorum
1090 2440 1512 2526 pessimorum
1576 2439 1636 2504 h.
1695 2460 1750 2504 e.
1799 2448 2050 2525 praeter
2095 2439 2613 2526 interpolationes
2658 2439 2916 2505 alterius
2958 2438 3173 2505 classis
3220 2461 3327 2503 va-

447 2557 552 2621 riis
623 2557 884 2641 insuper
953 2555 1120 2621 vitiis
1186 2554 1586 2620 foedatorum
1633 2576 1902 2620 numero
1960 2556 2014 2620 is
2081 2554 2231 2628 fuit.
2294 2577 2379 2621 ex
2440 2575 2569 2643 quo
2618 2554 2951 2630 editiones,
3010 2576 3171 2642 quae
3216 2554 3327 2621 ad-

441 2671 566 2737 buc
615 2682 895 2743 exstant.
943 2669 1296 2737 fluxerunt:
1349 2670 1462 2736 cfr.
1513 2669 2020 2736 dissertationem
2065 2670 2347 2756 priorem
2407 2691 2470 2757 p.
2516 2675 2559 2735 ll
2605 2691 2698 2757 sq.
2806 2667 2887 2735 Et
2931 2668 3325 2736 Gesnerus

443 2785 695 2874 quidem
755 2786 1097 2852 editionem
1159 2782 1867 2862 Robertellianam,
1935 2798 2239 2873 quantum
2307 2784 2719 2873 probabiliter
2775 2786 3081 2871 suspicari
3152 2786 3333 2873 licet,⁸

441 2901 711 2967 fideliter
757 2902 1208 2987 transscripsit;
1258 2897 1483 2968 Sixtus
1529 2898 1903 2967 Arcerius
1953 2922 2139 2974 vero,
2189 2902 2378 2989 cujus
2408 2899 2641 2968 librum
2688 2901 2937 2968 tandem
2985 2900 3325 2987 aliquando

445 3030 667 3082 nactus
713 3038 886 3096 sum,
951 3028 1191 3083 tantum
1238 3016 1416 3082 abest
1481 3030 1592 3083 »ut
1639 3037 1866 3081 novam
1925 3018 2358 3083 recensionem
2404 3015 2653 3083 Aeliani
2708 3016 3185 3091 adornaverit«,
3257 3028 3327 3081 ut

450 3141 692 3197 textum
753 3131 1074 3218 vulgatum
1137 3132 1276 3197 sere
1331 3134 1517 3198 novis
1576 3132 1742 3197 vitiis
1797 3144 1990 3219 atque
2047 3132 2281 3199 lacunis
2338 3134 2713 3221 negligentia
2782 3130 3070 3199 admissis
3128 3126 3367 3219 magis

449 3248 633 3311 etiam
681 3247 1138 3333 depravaverit.
1234 3247 1305 3313 In
1353 3249 1518 3313 notis
1567 3258 1826 3327 contra,
1873 3270 2026 3335 quas
2075 3249 2275 3331 textui
2320 3246 2793 3335 postponendas
2840 3249 3117 3322 curavit,
3194 3268 3325 3313 non

445 3363 604 3427 male
647 3370 718 3427 ut
762 3383 881 3449 pro
927 3362 1048 3427 illis
1097 3362 1490 3449 temporibus
1537 3363 1616 3429 de
1663 3362 1928 3429 Aeliano
1977 3374 2040 3429 et
2085 3364 2461 3450 explicando
2518 3376 2582 3431 et
2630 3362 3025 3430 emendando
3071 3365 3321 3441 meruit,

445 3479 680 3564 quippe
715 3479 833 3571 ⁴qui
883 3488 946 3563 et
991 3499 1122 3543 res
1168 3479 1336 3564 ipsas
1384 3498 1526 3544 cum
1577 3478 1844 3544 aliorum
1893 3479 2275 3565 scriptorum
2336 3481 2494 3546 locis
2540 3492 2675 3545 tum
2722 3477 3037 3566 parallelis
3084 3476 3321 3544 Suidae

441 3592 729 3678 inprimis
775 3604 837 3657 et
885 3592 1074 3659 lexici
1127 3594 1414 3659 militaris
1488 3593 1588 3678 (de
1634 3614 1764 3681 quo
1812 3593 1936 3660 vid.
1983 3592 2146 3659 infra
2193 3616 2253 3681 p.
2310 3598 2406 3677 13)
2479 3593 2947 3661 definitionibus
2991 3591 3321 3678 adscriptis

439 3706 878 3779 illustraverit.
949 3718 1010 3774 et
1058 3708 1292 3775 verba
1337 3710 1622 3775 auctoris
1669 3707 1992 3795 quomodo
2037 3719 2146 3774 aut
2191 3720 2492 3796 corrupta
2550 3711 2786 3777 rectius
2833 3708 3167 3777 scribenda
3216 3720 3325 3773 aut

439 3822 723 3889 mutilata
787 3822 1161 3910 integranda
1230 3834 1340 3891 aut
1393 3823 1473 3889 ab
1518 3823 2113 3911 interpolationibus
2169 3825 2495 3911 purganda
2558 3826 2683 3891 sint
2748 3824 3088 3892 identidem
3149 3835 3320 3890 recte

439 3940 866 4027 perspexerit,
914 3940 1142 4026 partim
1190 3960 1310 4005 suo
1361 3949 1600 4006 tantum
1647 3936 1860 4006 Marte
1906 3939 2212 4016 confisus,
2272 3942 2499 4026 partim
2547 3941 2757 4008 Gazae
2803 3940 3179 4007 auctoritate
3224 3940 3323 4004 ni-

441 4074 582 4121 suss
659 4052 908 4120 Etenim
954 4053 1288 4141 singularis
1331 4054 1478 4120 libri
1543 4053 1664 4121 dos
1726 4054 1880 4123 haec
1937 4066 2055 4129 est.
2116 4056 2289 4143 qnod
2351 4058 2650 4123 Arcerius
2696 4067 3032 4143 perspecto
3078 4052 3321 4121 Gazam

443 4167 664 4235 codice
715 4191 900 4235 usum
949 4190 1088 4235 esse
1137 4169 1336 4236 multo
1384 4170 1684 4249 meliore,
1733 4191 1922 4258 quam
1969 4192 2046 4236 ex
2090 4192 2227 4259 quo
2270 4170 2578 4237 editiones
2608 4169 2888 4247 fluxere,
2935 4169 3099 4237 illius
3128 4171 3326 4236 inter—

442 4285 860 4368 pretationem
909 4285 1379 4352 accuratissime
1427 4284 1693 4350 contulit
1738 4296 1928 4372 atque
1992 4306 2156 4372 qnae
2202 4284 2374 4353 Gaza
2426 4286 2492 4352 in
2538 4284 2701 4353 libro
2751 4308 2874 4353 suo
2942 4297 3052 4352 aut
3098 4284 3321 4371 legerit

407 4411 550 4466 aut
595 4421 721 4466 non
771 4400 1026 4487 legerit,
1075 4399 1411 4487 diligenter
1444 4398 1784 4467 adnotavit.
1882 4397 2013 4465 Sed
2059 4401 2182 4466 hoc
2227 4400 2393 4467 duce
2441 4422 2823 4488 quamquam
2875 4399 3101 4467 bonam
3132 4400 3327 4466 inter-

445 4514 832 4599 polationum
892 4528 1140 4603 partem
1207 4520 1300 4599 (ut
1358 4536 1413 4580 c.
1460 4511 1660 4581 XXV
1729 4512 2082 4601 ἐπιστροφὴ
2145 4511 2200 4581 δ’
2255 4513 2425 4583 ἐστιν
2496 4554 2575 4566 —-
2642 4512 2995 4601 ἐπιστροφὴ
3050 4515 3325 4600 γίνεταις

447 4651 500 4694 c.
549 4626 851 4697 XXVIII
897 4625 1226 4696 Μακεδών
1269 4626 1514 4713 λέγεται
1561 4668 1634 4678 -
1687 4630 2042 4715 πολεμίοιςς
2108 4630 2286 4696 ibid.
2334 4625 2370 4696 ὁ
2415 4628 2487 4697 δὲ
2533 4626 2770 4697 Λάκων
2812 4668 2910 4693 .-
2966 4631 3323 4714 πολεμίοιςς

447 4766 501 4808 c.
549 4740 923 4812 XXXVIII
970 4740 1174 4829 στόμα
1223 4783 1300 4794 -—
1348 4740 1798 4831 πορευόμενοις
1849 4742 2025 4811 ibid.
2075 4742 2469 4832 ἑτερομήκεις
2519 4784 2595 4795 -
2647 4741 3041 4829 ‹lucanicae-113)
3092 4745 3329 4835 ejicere

448 4872 697 4945 posset,
744 4859 808 4926 id
856 4870 1067 4927 tamen
1117 4860 1316 4928 tribus
1364 4870 1606 4929 tantum
1656 4861 1810 4928 locis
1856 4858 2038 4929 fecit:
2089 4884 2142 4928 c.
2189 4858 2487 4931 XXVIII
2532 4858 2741 4928 ἰστέον
2786 4858 2887 4928 ὅτι
2931 4898 3015 4909 ——-
3072 4857 3329 4943 ἀνδρῶν

2877 4964 2914 5020 2
