4400 5784
1620 633 2081 702 ..3-

1422 842 1495 908 E.
1550 841 2079 908 Osssmnueeeeu
2099 885 2115 914 ,
2171 837 2282 902 Dr.

582 963 642 1043 1)
698 963 1079 1027 Processum
1130 957 1525 1024 criminalem
1564 956 2017 1024 Germanicum
2066 974 2474 1020 communem
2499 951 2910 1041 judicialibus
2945 951 3298 1037 Anglorum

386 1089 451 1144 et
504 1075 1087 1164 Francogallorum
1137 1071 1707 1140 consuetudinibus
1756 1071 2144 1160 comparatis
2192 1070 2402 1158 quinis
2457 1069 2631 1135 horis
2679 1067 2907 1135 tradet.

580 1191 645 1276 2)
694 1194 809 1258 Jus
858 1190 1312 1256 hereditarium
1358 1191 1798 1255 Romanorum
1846 1186 2111 1254 totidem
2158 1187 2334 1252 horis
2381 1182 2657 1251 docebit.

944 1339 1029 1420 2.
1159 1337 1766 1444 Pmt‘essorum
1830 1333 2732 1420 eaetraordinariorum
2751 1361 2778 1412 .·

1538 1493 1621 1558 Η.
1677 1492 1975 1564 Escuen,
2029 1491 2143 1556 Dr.

594 1611 649 1694 1)
702 1612 1081 1676 Processnm
1132 1607 1383 1674 civilem
1429 1608 1845 1674 Turicensem
1899 1606 2110 1694 quinis
2158 1605 2331 1672 boris
2377 1603 2738 1671 illustrabit.

587 1725 648 1808 2)
697 1701 1162 1791 Oeconomiam
1211 1721 1535 1811 publicam
1584 1722 1847 1790 totidem
1895 1723 2069 1789 horis
2116 1721 2345 1788 tradet.

1528 1839 1596 1904 F.
1644 1857 1731 1904 nn
1780 1839 2010 1906 WYSS.
2060 1839 2173 1904 Dr.

592 1955 649 2038 1)
700 1957 936 2021 Rerum
985 1953 1386 2043 publicarum
1442 1953 1964 2021 Germanicarum
2007 1953 2305 2042 jurisque
2338 1953 2702 2021 Germanici
2734 1941 3098 2028 historiam,
3148 1954 3306 2020 Hel-

404 2072 617 2137 vetiae
666 2071 955 2159 inprimis
1004 2071 1253 2137 ratione
1301 2068 1549 2144 habita,
1602 2071 1813 2158 quinis
1860 2070 2035 2136 horis
2082 2067 2426 2136 enarrabit.

586 2188 649 2271 2)
699 2187 872 2253 Juris
943 2187 1172 2274 privati
1233 2187 1679 2252 Turicensium
1736 2197 1989 2274 partem
2049 2186 2373 2274 priorem,
2441 2205 2606 2273 quae
2671 2194 2767 2252 est
2812 2184 2892 2250 de
2936 2187 3290 2274 praeceptis

414 2301 858 2387 generalibus,
912 2302 991 2368 de
1037 2301 1187 2390 jure
1236 2322 1449 2367 rerum
1500 2314 1563 2369 et
1611 2301 2114 2388 obligationum,
2168 2303 2498 2389 quaternis
2544 2301 2712 2368 horis
2759 2300 2983 2368 tradet.

1478 2419 1535 2484 J.
1585 2419 2012 2485 Humanam>
2037 2464 2055 2491 ,
2109 2417 2219 2482 Dr.

596 2533 653 2614 1)
702 2536 817 2600 Jus
862 2535 1187 2623 privatum
1258 2532 1709 2600 Germanicum
1761 2553 1886 2599 una
1936 2555 2083 2599 cum
2139 2534 2594 2621 negotiationis
2650 2545 2712 2600 et
2759 2533 3100 2602 feudorum
3162 2535 3310 2621 jure

412 2650 664 2715 octonis
711 2649 886 2715 horis
933 2648 1207 2716 docebit.

597 2765 659 2850 2)
710 2766 807 2831 De
847 2764 1000 2853 jure
1048 2767 1330 2853 gentium
1378 2764 1545 2832 binis
1591 2767 1768 2833 horis
1816 2765 2181 2854 disputabit.

604 2881 665 2965 3)
720 2881 1081 2948 Praeticum
1134 2880 1213 2947 ad
1264 2881 1619 2948 Pandectas
1665 2894 1963 2971 spectans
2018 2881 2280 2949 totidem
2331 2883 2504 2948 boris
2551 2881 3005 2949 moderabitur.

1268 3029 1356 3110 3.
1463 3029 1883 3114 fflvatim
1936 3029 2466 3114 docentium:

1506 3185 1563 3250 J.
1611 3181 2053 3258 Scamnum,
2106 3181 2220 3248 Dr.

610 3294 669 3381 1)
720 3298 1303 3387 Encyclopaediam
1353 3299 1835 3388 disciplinarum
1880 3299 2282 3388 politicarum
2326 3311 2388 3366 et
2436 3299 2784 3366 forensium
2835 3302 3162 3387 quaternis
3208 3301 3322 3366 bo-

424 3413 511 3478 ris
559 3412 869 3480 tractabit.

600 3528 663 3612 2)
713 3531 828 3595 Jus
877 3530 1323 3617 negotiationis
1374 3531 1637 3608 totidem
1683 3532 1857 3598 horis
1906 3530 2181 3598 docebit.

599 3642 662 3730 3)
710 3643 831 3711 Jus
880 3644 1211 3711 criminale
1259 3667 1601 3713 commune
1648 3658 1712 3714 et
1760 3649 2109 3715 Turicense
2154 3648 2326 3713 senis
2373 3648 2548 3714 horis
2596 3647 2822 3715 tradet.

1277 3764 1357 3829 Η.
1406 3765 1817 3832 ΜΑιιεεΗΑιι
1862 3784 1947 3830 nn
1994 3757 2456 3831 anmisrssm.

601 3877 657 3962 1)
710 3880 825 3944 Jus
871 3876 1205 3967 publicum
1253 3899 1596 3945 commune
1642 3881 1839 3947 ternis
1886 3880 2063 3946 horis
2108 3879 2546 3968 pertractabit.

606 3993 669 4078 2)
720 3993 1185 4063 oeconomiam
1236 3993 1556 4083 publicam
1606 4007 1669 4062 et
1714 4017 1850 4062 rem
1898 3997 2338 4084 pecuniariam
2389 3999 2558 4063 senis
2607 3996 2780 4064 boris
2827 3996 3144 4086 expediet.

598 4107 659 4192 3)
710 4108 896 4188 Quae
944 4111 1107 4176 ratio
1153 4111 1321 4177 inter
1367 4112 1819 4197 negotiationis
1867 4123 2060 4199 atque
2100 4111 2507 4200 opificiorum
2570 4115 2929 4202 artiumque
2977 4115 3320 4181 exercitio-

424 4243 570 4288 nem
617 4223 991 4300 intercedat,
1043 4223 1210 4292 binis
1258 4225 1431 4292 boris
1478 4227 1917 4316 comparando
1965 4229 2282 4296 ostendet.

1215 4364 1388 4450 ΙΙΙ.
1498 4363 1873 4452 Ordinis
1938 4361 2524 4453 Medicorum.

1179 4510 1577 4591 Decanus:
1633 4510 1717 4593 C.
1772 4511 1859 4591 F.
1928 4511 2363 4614 Ludwig,
2417 4512 2558 4594 Dr.

1098 4649 1171 4729 1.
1299 4649 1915 4758 Ptofessorum
1978 4651 2657 4737 ordinariorum:

1408 4793 1486 4858 H.
1538 4795 2170 4873 Locnssn-Zwmeu,
2227 4797 2342 4862 Dr.

608 4909 667 4992 1)
720 4906 1122 4996 Chirurgiam
1167 4909 1493 4997 quaternis
1541 4908 1747 4990 boris,
1797 4921 1862 4977 et

768 4641 815 4694 Ψ
