4400 5784
719 1329 940 1410 Quum
988 1350 1103 1419 per
1147 1326 1368 1397 decem
1415 1327 1550 1396 fere
1597 1348 1802 1396 annos
1859 1328 2173 1419 gymnasii
2219 1324 2599 1395 Dresdensis
2645 1324 2971 1417 discipulis
3018 1322 3431 1419 Xenophon-

544 1457 671 1514 tem
691 1491 711 1520 ,
761 1444 1122 1523 Attianum,
1171 1442 1538 1521 Caesarem,
1590 1442 1884 1513 Curtium
1915 1440 2334 1519 enarrabam,
2386 1462 2517 1511 non
2563 1440 2774 1510 solum
2823 1454 2893 1511 ut
2938 1440 3137 1511 verba
3181 1442 3246 1510 in
3294 1463 3433 1511 ser-

545 1581 802 1629 monem
849 1559 1260 1628 vernacnlum
1309 1558 1657 1629 transferre
1703 1570 1897 1647 atque
1943 1556 2024 1626 ad
2067 1558 2520 1647 grammaticae
2565 1556 2821 1645 regulas
2866 1578 3175 1627 revocare
3222 1558 3434 1629 disce-

547 1686 711 1751 rent,
761 1674 875 1742 sed
919 1676 1111 1743 etiam
1156 1687 1228 1744 ut
1275 1695 1378 1743 res
1410 1673 1647 1743 abillis
1681 1671 2052 1743 auctoribus
2099 1682 2392 1741 narratas
2438 1682 2739 1743 accurate
2786 1686 3255 1763 cognoscerent
3286 1696 3434 1744 cum

545 1791 808 1859 omnino
853 1802 1112 1859 strenue
1158 1811 1423 1881 operam
1478 1789 1650 1866 dedi,
1701 1802 1863 1866 tum,
1915 1800 2226 1879 quantum
2274 1787 2427 1856 mihi
2473 1786 2706 1856 licebat
2750 1787 2843 1855 rei
2890 1788 3178 1860 militaris
3222 1790 3432 1881 impe-

545 1907 701 1980 rito.
765 1906 832 1974 in
879 1928 958 1973 eo
1006 1904 1373 1982 elaboravi,
1440 1916 1510 1973 ut
1570 1925 1670 1973 res
1732 1904 1808 1973 ad
1875 1904 2042 1973 bella
2095 1904 2204 1972 ills
2252 1903 2516 1993 antiqua
2560 1912 2926 1993 spectantes
2976 1905 3431 1995 perspicerent.

544 2022 754 2103 Quem
800 2020 1016 2090 locum
1066 2020 1282 2090 multis
1328 2022 1755 2090 recentiorum
1789 2019 2118 2089 erroribus
2148 2019 2546 2111 implicatum
2581 2039 2722 2087 esse
2749 2019 2888 2109 jam
2936 2032 3069 2089 tum
3117 2020 3427 2089 intellexi.

543 2134 666 2213 lta,
717 2158 798 2203 ne
846 2136 1251 2225 arrogantius
1295 2134 1360 2203 id
1410 2135 1648 2204 dixisse
1695 2133 1936 2212 videar,
1988 2136 2132 2225 quis
2163 2156 2295 2203 non
2331 2145 2578 2225 repetat
2620 2132 2785 2203 illud
2814 2134 3240 2213 decantatum,
3286 2138 3433 2205 Ma-

544 2252 859 2320 cedonum
907 2250 1292 2341 phalangem
1339 2252 1634 2319 maximis
1681 2250 1902 2342 clipeis
1940 2258 2003 2319 et
2047 2250 2324 2319 sedecim
2374 2248 2739 2320 cubitorum
2770 2249 3017 2319 sarissis
3053 2250 3433 2321 instructam

541 2368 730 2436 etiam
792 2365 1190 2436 Alexandrei
1255 2368 1577 2437 exercitus
1631 2366 1857 2435 florem
1918 2378 2112 2455 atque
2171 2366 2373 2435 robur
2434 2364 2672 2434 fuisse?
2764 2362 3001 2434 Verum
3048 2365 3221 2435 enim
3267 2386 3431 2436 vero

543 2505 662 2551 nec
707 2482 1042 2573 quomodo
1088 2505 1217 2551 una
1267 2504 1500 2559 manu,
1571 2504 1737 2571 quae
1794 2481 2111 2573 ejusmodi
2172 2482 2451 2569 clipeum
2510 2483 2752 2550 tenenti
2814 2481 2952 2550 sola
3000 2492 3231 2560 restat,
3302 2494 3431 2553 tam

543 2608 945 2668 monstrosae
992 2598 1408 2688 longitudinis
1455 2598 1636 2667 hasta
1684 2598 1818 2688 geri
1866 2609 1929 2666 et
1977 2598 2204 2687 agitari
2242 2609 2435 2687 queat
2480 2598 2822 2687 quisquam
2868 2602 3209 2686 cogitavit,
3259 2611 3322 2668 et
3366 2600 3433 2667 in

542 2714 802 2804 proeliis
849 2713 931 2782 ab
979 2714 1362 2782 Alexandro
1426 2713 1783 2782 commissis
1843 2725 2056 2803 partes
2109 2714 2451 2803 primarias
2510 2712 2857 2804 ipsumque
2919 2713 3258 2782 discrimen
3304 2736 3437 2783 non

542 2850 740 2919 penes
786 2829 1223 2920 phalangitas,
1270 2830 1386 2897 sed
1434 2850 1632 2920 penes
1679 2832 1926 2920 equites
1957 2828 2346 2898 Macedones
2393 2839 2588 2918 atque
2633 2828 3035 2919 hypaspistas
3080 2829 3277 2898 fuisse
3307 2832 3433 2898 Ar-

543 2944 758 3013 rianus
807 2945 910 3012 vel
954 2945 1152 3013 semel
1199 2943 1538 3034 obiterque
1581 2946 1908 3035 inspectus
1973 2942 2211 3012 docere
2266 2947 2555 3034 poteratl
2652 2944 2817 3012 Tum
2865 2965 2902 3012 a
2950 2944 3271 3013 nonnullis
3318 2943 3435 3014 ad-

544 3059 668 3127 buc
697 3057 1155 3150 interpretibus
1197 3054 1376 3146 λὸχοι
1406 3056 1626 3145 dodona
1660 3082 1779 3150 pro
1827 3059 2267 3137 anserino,
2318 3058 2495 3147 quod
2529 3059 2784 3136 dicitur,
2837 3062 3143 3150 agmine
3189 3060 3435 3131 haben-

545 3184 681 3249 tur,
753 3172 936 3264 quod
994 3195 1223 3262 agmen
1280 3184 1428 3243 ante
1493 3174 1738 3265 aliquot
1795 3196 1998 3243 anuos
2061 3171 2142 3242 ab
2191 3173 2690 3245 adolescentulis
2744 3174 3004 3243 ludibrii
3049 3198 3180 3245 non
3228 3178 3437 3247 minus

547 3310 736 3377 quam
784 3289 1114 3357 literarum
1145 3287 1445 3358 studiosis
1477 3292 1926 3365 exercitatum,
1978 3288 2090 3357 sed
2123 3290 2507 3379 gravissimis
2542 3290 3027 3380 magistratuum
3060 3292 3247 3360 minis
3277 3314 3440 3383 poe·-

545 3404 772 3493 nisque
816 3402 1116 3472 affectum
1167 3425 1308 3472 esse
1352 3406 1610 3474 scimus.
1711 3402 1843 3473 Sed
1891 3403 2045 3473 nolo
2092 3403 2394 3495 exempla
2452 3405 2818 3474 cumulare:
2869 3428 3069 3475 unum
3116 3406 3288 3477 addo
3334 3430 3440 3477 sa-

545 3520 622 3588 tis
671 3519 1030 3588 ridiculum.
1124 3520 1283 3603 Quis
1348 3543 1479 3590 non
1543 3520 1960 3611 conspexerit
2019 3522 2086 3588 in
2149 3520 2451 3589 omnibns
2500 3519 2690 3611 hujus
2735 3524 2987 3611 generis
3034 3523 3212 3593 libris
3257 3523 3439 3593 balli-

543 3646 706 3702 stam
753 3633 929 3702 illam
978 3655 1110 3702 uno
1159 3635 1422 3703 brachio
1472 3648 1819 3712 armatam,
1884 3636 2060 3726 quod
2120 3638 2186 3703 in
2256 3635 2711 3705 trullam.sive
2765 3636 3064 3706 cochlear
3121 3640 3431 3718 excurrit,

545 3750 648 3817 cni
710 3749 1032 3817 cochleari
1089 3771 1244 3818 saxa
1305 3750 1653 3819 emittenda
1712 3752 2168 3840 imponantur?
2263 3752 2357 3820 Ne
2418 3752 2802 3820 novissimus
2864 3751 3123 3841 quidem
3172 3753 3434 3823 militiae

545 3866 872 3933 Romanae
917 3866 1228 3955 scriptor,
1277 3866 1378 3934 Fr.
1427 3867 1831 3943 Ruckertus,
1883 3868 1995 3955 qui
2041 3868 2309 3935 omnino
2356 3866 2640 3935 libellum
2687 3887 2874 3935 snum
2922 3866 3098 3953 (nam
3139 3875 3434 3940 ruminabo

543 3984 948 4067 Krieyswesen
989 4004 1051 4049 u.
1084 4006 1134 4049 a.
1165 4004 1237 4049 w.
1329 3986 1556 4049 Berlin.
1615 3974 1882 4062 ism«)
1931 3994 2180 4050 tantum
2227 4004 2308 4049 ex
2361 3982 2649 4072 priorum
2681 3982 2989 4076 operibus
3037 3985 3430 4078 compilavit,

544 4094 963 4164 bellissimum
1011 4096 1166 4164 illud
1214 4098 1546 4164 inventum
1593 4097 1908 4186 neglexit:
1958 4097 2082 4165 vid.
2131 4096 2259 4167 tab.
2306 4095 2398 4174 11,
2452 4096 2555 4187 fig.
2612 4102 2713 4166 16.
2788 4100 2986 4189 Atqui
3032 4112 3235 4169 totum
3282 4101 3438 4172 illud

546 4221 938 4278 tormentum
985 4232 1071 4278 ex
1113 4210 1259 4279 solo
1307 4210 1566 4278 Folardi
1610 4212 1871 4302 ingenio
1935 4210 2126 4281 fluxit
2169 4212 2397 4281 harum
2444 4234 2661 4281 rernm
2710 4212 3139 4283 feracissimo:
3192 4239 3282 4285 co
3300 4217 3437 4287 ch-

546 4324 719 4393 lear
765 4347 923 4394 vero
969 4325 1126 4393 illud
1174 4326 1488 4413 originem
1535 4347 1717 4395 suam
1782 4328 1975 4395 traxit
2021 4350 2060 4395 e
2128 4327 2490 4397 cochleis
2559 4328 2809 4397 duabus
2870 4330 3129 4420 ligneis,
3198 4332 3437 4422 quibus

543 4441 921 4509 Ammianus
966 4439 1382 4509 Marcellinus
1427 4438 1710 4519 xxm,
1759 4446 1836 4519 4,
1898 4441 2065 4510 male
2109 4441 2221 4511 ille
2276 4464 2313 4509 a
2356 4440 2645 4513 Folardo
2690 4445 3075 4525 intellectus,
3126 4448 3227 4517 sui
3272 4460 3437 4517 tem-

543 4556 722 4643 poris
770 4554 1086 4624 ballistam
1131 4558 1506 4626 instructam
1555 4558 1814 4635 scribit,
1865 4558 1968 4627 cui
2008 4557 2298 4626 ballistae
2344 4558 2497 4627 nihil
2545 4581 2887 4629 commune
2931 4575 3028 4632 est
3073 4584 3219 4631 cum
3267 4564 3436 4632 anti-

547 4669 881 4757 quioribus
928 4672 1295 4762 catapultis,
1347 4671 1582 4762 quibus
1615 4685 1678 4742 et
1711 4673 2078 4742 Alexander
2109 4674 2384 4765 ejusque
2415 4695 2825 4743 successores
2872 4676 2969 4745 nsi
3014 4686 3164 4745 sunt
3208 4687 3271 4745 et
3302 4678 3437 4746 Ro-

547 4804 775 4852 manos
820 4798 996 4854 certe
1042 4786 1124 4855 ad
1171 4790 1443 4877 Augusti
1490 4810 1696 4877 usque
1744 4799 2034 4879 tempora
2097 4809 2247 4858 usos
2314 4810 2455 4858 esse
2502 4812 2585 4859 ex
2616 4790 2910 4860 Vitruvio
2955 4803 3243 4881 apparet.
3312 4794 3437 4863 Sed

548 4897 708 4967 haec
751 4900 1112 4970 sufficiant!
