4400 5784
2164 599 2672 673 -44-

978 805 1169 872 λόχους
1204 801 1343 860 ἀλλὰ
1376 807 1517 860 κατὰ
1552 807 1685 876 ζυγὰ
1718 805 2109 877 πορευομένῃ*
2182 812 2302 863 Jsm
2325 813 2495 870 vides,
2531 825 2632 862 cur
2665 813 2828 864 etiam
2863 813 3032 865 verba
3069 813 3163 865 illa
3201 815 3472 881 XXXVII,
3501 821 3526 868 1
3571 811 3748 869 οόπέτι
3783 841 3852 857 -ο

980 903 1315 973 πορευομένη
1338 909 1549 960 uncinis
1575 909 1853 972 sepserim.
1922 909 2074 973 Quae
2100 921 2234 961 vero
2257 910 2526 962 antecedit
2549 911 2730 974 glossa
2753 905 2886 962 δέκα
2913 933 2980 946 ·-
3003 906 3186 978 βάθος
3201 948 3216 976 ,
3251 924 3390 978 quae
3412 926 3572 979 qnam
3597 915 3775 979 inepta
3799 921 3857 965 et

982 1019 1011 1054 a
1038 1005 1370 1058 Graecorum
1394 1007 1586 1058 militia
1622 1007 1797 1058 aliena
1822 1008 1893 1058 sit
1914 1010 2184 1058 nemiuem
2213 1007 2377 1072 sugit,
2413 1008 2646 1058 eundem
2671 1007 2812 1058 band
2837 1008 3000 1060 dubie
3025 1009 3190 1060 babet
3212 1015 3490 1063 auctorem
3529 1019 3690 1077 atque
3713 1025 3854 1066 eum.

979 1104 1071 1168 qui
1108 1116 1265 1168 supra
1294 1102 1549 1168 XXXVI,
1580 1103 1614 1153 5
1644 1118 1792 1154 suam
1830 1104 1897 1156 de
1924 1109 2153 1170 tagmate
2178 1105 2477 1155 doctrinam
2506 1105 2748 1156 inseruit.
2820 1105 2926 1156 Sed
2950 1107 3077 1170 quid
3101 1112 3211 1170 est,
3251 1109 3396 1174 quod
3423 1109 3516 1159 iile
3538 1111 3854 1166 ternarium.

978 1213 1085 1252 uon
1139 1202 1443 1266 quinarium
1482 1213 1764 1252 numerum
1800 1203 1937 1253 aciei
1972 1202 2240 1254 altitudini
2279 1203 2576 1254 adtribuit?
2659 1201 2846 1266 Quod,
2904 1204 3255 1269 sequentibus
3289 1207 3454 1257 etiam
3493 1205 3784 1264 XXXVIII,
3819 1205 3857 1254 4

977 1303 1317 1350 transvorans
1367 1305 1546 1362 actus,
1598 1300 1888 1352 obscuram
1934 1300 1993 1350 in
2048 1301 2232 1350 animo
2281 1299 2501 1350 fovebat
2551 1302 2868 1352 memoriam
2916 1302 3146 1353 canonis
3191 1305 3488 1368 equestris,
3541 1319 3647 1370 qno
3691 1316 3854 1367 supra

982 1394 1191 1454 xvm,
1226 1396 1261 1446 6
1315 1399 1509 1447 noveni
1546 1399 1673 1462 eqni
1709 1399 1765 1448 in
1801 1398 1981 1449 fronte
2014 1399 2183 1450 ternis
2221 1397 2503 1448 ordinibus
2539 1397 2798 1450 collocari
2829 1399 3107 1463 jubentur.

1182 1491 1275 1546 δεῖ
1304 1488 1365 1546 δὲ
1400 1488 1709 1565 ἐθίζεσθαι]
1772 1496 1943 1560 Vulgo
1990 1491 2085 1547 διὰ
2132 1491 2195 1546 τὸ
2230 1487 2514 1558 ἐθίζεσθαι
2528 1530 2543 1557 ,
2600 1494 2698 1546 sed
2743 1490 2841 1545 διὰ
2883 1493 3048 1548 τοῦτο
3093 1489 3378 1559 ἐθίζεσθαι
3427 1495 3516 1550 δεῖ
3564 1511 3749 1562 margo
3789 1497 3866 1556 ⁴1⁵„

980 1591 1183 1655 Ejectis
1218 1592 1413 1656 glossis
1466 1592 1677 1644 restitui
1720 1593 1974 1652 debebat,
2022 1592 2163 1660 qnod
2202 1597 2569 1656 opponeretur
2603 1589 2684 1642 ilii
2721 1587 2784 1643 τὸ
2820 1585 2946 1656 μὶν
2979 1592 3151 1658 μῆκος
3185 1599 3290 1644 etc.
3471 1591 3572 1656 τὰς
3607 1603 3730 1646 ante
3766 1589 3849 1646 ἐπ’

978 1681 1199 1747 εὐθείας
1234 1701 1265 1739 a
1300 1689 1456 1740 libris
1493 1690 1665 1740 abest.
1841 1683 1900 1740 ἐκ
1933 1684 2180 1758 πλαγίου]
2223 1689 2314 1740 Sic
2337 1691 2382 1740 A
2409 1695 2463 1741 et
2485 1700 2672 1752 margo
2697 1689 2952 1751 Gesneri;
2991 1691 3152 1755 vulgo
3176 1683 3506 1756 ἐκπλαγίουσ.
3699 1707 3852 1757 μεμε-

978 1782 1288 1856 λετημένας]
1348 1787 1440 1838 Sic
1473 1787 1557 1850 A:
1595 1788 1757 1851 vulgo
1790 1781 2241 1854 μεμελετημένως,
2279 1789 2320 1840 B
2355 1781 2788 1852 μεμελετημένον.

1186 1950 1305 2000 Duo
1342 1962 1479 2013 quae
1516 1953 1813 2013 sequuntur
1849 1950 2053 2014 capita,
2108 1947 2380 2000 XXXVIII
2414 1951 2470 1999 et
2502 1945 2753 2004 XXXIX,
2801 1949 3049 2012 inprimis
3085 1954 3206 2013 apta
3245 1955 3372 2000 sunt
3421 1949 3488 2000 ad
3529 1961 3852 2014 cognosceu-

984 2047 1110 2096 dnm
1149 2045 1623 2110 interpolationnm
1660 2046 1877 2098 modum
1898 2082 1913 2106 ,
1949 2047 2041 2111 qui
2078 2046 2216 2097 ultra
2252 2045 2469 2096 modum
2508 2046 2560 2095 in
2599 2045 2704 2096 boc
2739 2045 2926 2097 libello
2961 2049 3230 2111 grassatus
3267 2048 3362 2098 est.
3439 2046 3662 2109 Omnia,
3719 2060 3854 2111 quae

986 2145 1071 2194 bis
1110 2143 1375 2209 capitibus
1428 2145 1799 2210 continentur,
1846 2146 1892 2194 si
1929 2157 2037 2196 uno
2092 2149 2282 2195 tenore
2318 2142 2595 2208 leguntur,
2641 2148 2790 2208 patet
2823 2147 3098 2209 tamquam
3151 2144 3308 2195 unius
3359 2145 3573 2207 generis
3611 2143 3850 2194 diversas

984 2242 1193 2304 species
1230 2242 1399 2292 aciem
1439 2243 1831 2292 antistomnm
1868 2246 1923 2292 et
1943 2241 2117 2291 aciem
2152 2240 2620 2304 amphistomnm
2656 2241 2758 2290 sibi
2785 2241 3012 2305 opponi,
3052 2240 3358 2292 consimiles
3395 2254 3492 2302 eo,
3532 2241 3674 2306 qnod
3709 2245 3854 2291 utra·

976 2351 1080 2404 que
1132 2339 1287 2390 binos
1336 2337 1541 2390 frontes
1596 2339 1893 2390 incursuris
1945 2339 2191 2414 hostibus
2249 2338 2478 2389 diversis
2527 2351 2592 2389 ex
2629 2338 2870 2402 partibus
2907 2338 3186 2402 obvertat,
3238 2337 3530 2389 dissimiles
3565 2351 3659 2394 eo.
3707 2339 3850 2402 quod

982 2437 1298 2488 antistomus
1350 2437 1405 2488 in
1444 2436 1618 2500 primo
1666 2441 1719 2488 et
1756 2437 2050 2488 novissimo
2084 2436 2326 2500 agmine,
2375 2436 2764 2498 amphistomus
2813 2436 2869 2486 in
2907 2441 3134 2500 utroque
3173 2447 3342 2486 cornu
3380 2434 3637 2486 frontium
3675 2435 3848 2486 aciem

987 2535 1238 2587 instruat.
1313 2535 1513 2586 Verum
1552 2535 1696 2586 enim
1736 2547 1863 2585 vero
1902 2531 2037 2582 banc
2074 2533 2374 2584 doctrinam
2411 2546 2442 2582 a
2481 2545 2674 2583 vocum
2712 2531 2924 2582 illarum
2959 2532 3308 2596 grammatica
3345 2531 3568 2584 notione
3603 2545 3707 2582 non
3747 2533 3855 2581 mi-

987 2646 1085 2683 nus
1124 2645 1283 2696 quam
1319 2644 1348 2682 a
1386 2631 1611 2684 militari
1659 2645 1760 2682 usu
1810 2631 2039 2682 alienam
2092 2643 2200 2682 non
2255 2631 2658 2694 interpolatoris
2709 2643 2865 2689 esse,
2912 2631 3003 2694 qui
3051 2631 3260 2694 agmina
3312 2628 3520 2694 singula
3557 2643 3655 2680 suo
3691 2630 3852 2680 modo

986 2729 1302 2780 illustranda
1340 2729 1596 2792 sumpsit,
1634 2729 1726 2778 sed
1765 2728 1932 2791 inepti
1970 2728 2451 2788 consarcinatoris,
2489 2728 2581 2792 qui
2621 2727 2716 2776 bas
2751 2727 3136 2778 illustrationes
3174 2727 3434 2777 Aelianeo
3478 2727 3621 2777 libro
3657 2727 3856 2788 intulit,

985 2828 1187 2892 liquide
1224 2831 1401 2892 potest
1438 2825 1812 2879 demonstrari.
1883 2823 1964 2874 Ac
2000 2825 2232 2888 primum
2269 2824 2484 2889 quidem
2507 2861 2521 2882 ‚
2571 2829 2630 2875 nt
2665 2824 2733 2874 ab
2771 2825 3008 2876 externis
3063 2836 3201 2889 quae
3239 2825 3492 2875 dicuntur
3527 2825 3854 2889 argumentis

978 2925 1239 2976 iaciamus
1280 2924 1525 2985 initium,
1562 2937 1630 2974 ne
1668 2924 1720 2972 in
1748 2922 2029 2972 codicibus
2066 2921 2282 2986 quidem
2319 2923 2540 2986 vestigia
2579 2921 2948 2972 fraudulentae
2983 2921 3208 2986 originis
3246 2935 3468 2986 prorsus
3503 2925 3855 2972 evanuerunt.

980 3023 1119 3072 Audi
1157 3023 1328 3084 enim,
1381 3032 1581 3086 quaeso
1607 3055 1620 3076 ,
1675 3032 1813 3084 quae
1856 3019 2195 3069 Runzikerus
2244 3018 2312 3070 de
2357 3019 2546 3070 codice
2591 3019 2637 3070 D
2685 3019 2886 3070 refertz
2963 3019 3069 3080 „zu
3108 3019 3398 3070 bemerken
3447 3020 3542 3078 ist,
3601 3019 3726 3069 dass
3760 3021 3854 3069 das

978 3133 1147 3182 ganzo
1182 3119 1395 3181 Kapitel
1430 3115 1707 3167 XXXVIII
1742 3115 1977 3178 seweni,
2030 3116 2135 3166 wie
2185 3129 2244 3166 es
2297 3116 2503 3168 Gesner
2545 3118 2661 3174 hat,
2718 3116 2790 3167 im
2830 3116 2964 3167 Text
3000 3116 3171 3180 steht,
3224 3118 3302 3166 als
3339 3115 3480 3166 daun
3519 3117 3694 3167 neben
3729 3115 3852 3167 dem

975 3215 1261 3281 folgenden
1290 3215 1507 3278 Kapitel
1531 3213 1811 3267 nochmals
1836 3214 1913 3264 als
1940 3213 2302 3277 Randglosse‚
2341 3213 2474 3265 aber
2497 3213 2857 3278 gesti-ichen«.
2925 3213 3062 3263 'I'um
3098 3213 3156 3263 in
3191 3213 3234 3263 Β
3271 3213 3337 3264 ad
3378 3219 3540 3277 caput
3575 3213 3851 3266 XXXVIII

985 3314 1182 3378 legitur
1207 3326 1329 3362 cum
1353 3313 1541 3363 eodem
1566 3311 1745 3361 iudice
1781 3337 1843 3347 —
1882 3310 2069 3375 πεζικὴ
2092 3306 2308 3376 φάλαγξ
2333 3303 2730 3376 ἀμφίστομος
2765 3334 2829 3346 -
2871 3323 2933 3362 ea
2971 3309 3160 3376 figura,
3198 3323 3354 3376 quam
3386 3311 3674 3368 Gesnerus,
3709 3313 3850 3375 apud

976 3423 1133 3476 quem
1173 3410 1307 3462 illud
1333 3415 1491 3474 caput
1525 3409 1671 3461 omni
1698 3408 2056 3459 delineatione
2080 3414 2256 3466 caret,
2295 3409 2458 3472 capiti
2485 3407 2712 3460 XXXIX
2736 3407 3086 3472 suffigendam
3111 3409 3349 3469 curavit:
3389 3407 3456 3457 ad
3483 3421 3599 3472 cap.
3625 3407 3854 3458 XXXIX

976 3522 1107 3559 vero
1130 3522 1318 3560 rursus
1343 3508 1531 3558 eadem
1557 3507 1818 3571 repetitur
1840 3505 2007 3570 figura
2032 3507 2125 3556 sed
2145 3520 2268 3557 cum
2294 3506 2394 3556 bac
2411 3508 2786 3571 inscriptione:
2810 3501 2994 3572 πεζικὴ
3013 3502 3232 3572 φάλαγξ
3257 3499 3697 3571 ἀμφίστομος
3723 3499 3854 3557 ἑτέ-

976 3623 1076 3671 ρα.
1148 3606 1317 3662 Tnm,
1355 3611 1413 3656 ut
1438 3606 1503 3653 ad
1531 3618 1645 3656 rem
1670 3605 1842 3668 ipsam
1867 3605 2215 3661 accedamus,
2253 3610 2374 3668 post
2413 3617 2474 3654 ea
2499 3641 2513 3662 ,
2549 3619 2686 3670 quae
2723 3617 2884 3669 supra
2919 3617 2982 3655 ex
3018 3603 3402 3668 Asclepiodoto
3445 3610 3588 3654 etex
3626 3603 3852 3656 Aeliano

976 3705 1207 3768 genuina
1235 3703 1536 3766 posuimus,
1572 3714 1681 3753 non
1720 3714 1856 3765 opus
1881 3705 1965 3751 est
1988 3701 2170 3752 multis
2194 3701 2595 3753 demonstretur
2613 3739 2629 3764 ‚
2669 3701 2810 3767 quod
2827 3703 2944 3766 jam
2973 3714 3024 3766 p.
3048 3699 3120 3750 32
3155 3701 3396 3752 breviter
3419 3699 3676 3765 indicavi,
3715 3703 3852 3754 auti·

974 3808 1206 3853 atomum
1227 3799 1564 3864 phalangem,
1603 3798 2049 3863 quemadmodum
2072 3811 2175 3848 vox
2196 3800 2312 3862 ipsa
2333 3812 2427 3849 sua
2450 3800 2499 3849 vi
2520 3799 2767 3860 ostendit,
2797 3798 2996 3849 nnllam
3016 3799 3176 3849 aliam
3193 3811 3313 3849 esse
3331 3809 3506 3863 posse,
3535 3811 3694 3863 quam
3713 3812 3852 3856 eam,

970 3902 1025 3949 in
1051 3910 1155 3963 qua
1182 3897 1405 3960 frontes,
1446 3897 1539 3962 qui
1571 3896 1784 3960 quidem
1814 3909 1877 3946 ex
1898 3896 2147 3946 ordinum
2180 3895 2494 3947 ductoribus
2523 3867 2770 3947 constant
2787 3933 2803 3959 ‚
2839 3909 2904 3947 ex
2929 3895 3160 3946 adverso
3183 3895 3288 3946 sibi
3311 3896 3420 3946 sint
3442 3897 3621 3960 positi.
3692 3897 3852 3958 Quod

971 4010 1093 4046 cum
1118 3996 1263 4047 omni
1300 4009 1401 4045 usu
1427 3998 1607 4043 careat
1644 4021 1710 4031 -
1743 3993 1817 4043 ita
1854 3994 1995 4044 enim
2034 3993 2135 4057 ipsi
2160 3995 2428 4044 sociorum
2453 3993 2660 4045 frontes
2684 3999 2958 4059 tamquam
2981 3993 3282 4044 adversarii
3304 3993 3457 4058 juxta
3482 3993 3588 4045 sibi
3614 4007 3854 4058 oppone-

972 4099 1156 4144 rentur
1199 4117 1251 4129 —
1299 4091 1693 4156 diphaiangiam
1728 4095 1937 4142 tantum
1972 4091 2320 4142 antistomum
2359 4092 2498 4142 inter
2534 4092 2748 4156 agmina
2783 4091 3112 4144 recensitam
3148 4091 3482 4150 invenimus,
3533 4092 3852 4156 pbalangem

968 4204 1101 4242 vero
1136 4189 1486 4242 antistomum
1514 4187 1737 4252 Utopiae
1770 4187 2073 4252 legionibus
2111 4188 2494 4253 relinquemus.
2565 4191 2636 4240 At
2666 4189 2772 4239 boc
2794 4201 2918 4240 cum
2953 4193 3137 4240 noster
3161 4189 3320 4239 bomo
3357 4201 3465 4240 nou
3501 4189 3852 4253 perspiceret,

969 4289 1204 4340 fortasse
1240 4288 1402 4342 etiam
1444 4286 1576 4338 falsa
1615 4285 1849 4337 lectione
1884 4279 2199 4350 ἀντίστομος
2241 4265 2356 4350 =jarn
2407 4293 2462 4338 et
2514 4288 2628 4352 ipse
2680 4287 2963 4351 deceptus,
3007 4287 3414 4338 antistomum
3484 4285 3664 4344 illam,
3716 4297 3854 4350 quae

966 4397 1240 4450 nunquam
1278 4397 1545 4449 nusquam
1583 4383 1716 4447 fuit,
1770 4383 2085 4447 pbalangem
2122 4383 2420 4448 explicandi
2453 4383 2757 4446 periculum
2795 4383 2954 4446 fecit,
2993 4396 3097 4448 qua
3135 4385 3190 4434 in
3228 4397 3290 4434 re
3325 4387 3726 4447 peropportune
3763 4394 3852 4432 ac·

966 4485 1132 4540 cidit,
1168 4482 1313 4550 quod
1340 4481 1595 4546 magister
1633 4481 1811 4544 paullo
1849 4482 2136 4532 obscurius
2175 4494 2306 4531 sane
2341 4481 2582 4544 locutus,
2621 4493 2780 4546 quam
2808 4481 3065 4533 Aelianus
3103 4482 3400 4545 genuinus,
3439 4481 3717 4532 vocabulis
3739 4493 3850 4530 am·

966 4583 1139 4646 biguis
1174 4577 1227 4633 οΞ
1266 4573 1329 4630 ἐν
1360 4580 1479 4638 ταῖς
1514 4571 1708 4643 ἀρχαῖς
1760 4592 1887 4630 usus
1927 4583 2067 4643 erat,
2127 4579 2324 4643 quibus
2373 4579 2464 4628 ilie
2504 4579 2724 4643 quidem
2777 4585 3050 4630 extremos
3085 4579 3306 4629 ordines
3341 4578 3535 4629 mediis
3570 4576 3850 4642 oppositos

966 4679 1191 4743 intelligi
1218 4677 1419 4736 voluit,
1460 4682 1645 4728 noster
1668 4690 1799 4727 vero
1824 4677 2049 4728 arctiori
2089 4689 2250 4728 sensu
2279 4678 2498 4730 eosdem
2525 4682 2730 4728 tantum
2767 4675 2821 4727 in
2857 4677 3038 4741 primo
3069 4681 3124 4728 et
3155 4675 3454 4727 novissimo
3489 4676 3704 4741 agmine
3737 4675 3852 4726 col·

962 4777 1168 4828 locatos
1205 4803 1273 4812 -
1310 4769 1369 4838 ἐξ
1403 4762 1591 4838 ἄκρων
1634 4803 1683 4817 -
1730 4775 2003 4840 designari
2040 4776 2283 4839 putavit,
2317 4779 2376 4826 ut
2399 4775 2514 4841 jam
2541 4787 2666 4825 suae
2701 4774 2901 4838 ampli
2924 4774 3136 4826 istomo
3157 4771 3410 4838 phalangi
3441 4773 3584 4824 banc
3607 4773 3850 4824 vindica-

965 4877 1048 4923 ret
1085 4873 1497 4944 proprietatem,
1534 4875 1601 4924 ut
1637 4873 1690 4922 in
1728 4884 1791 4924 ea
1830 4873 1989 4935 primi
2015 4873 2235 4924 ordines
2275 4873 2548 4938 utrimque
2569 4873 2738 4924 latera
2764 4874 3061 4923 tuerentur.
3132 4870 3300 4934 Quasi
3328 4872 3540 4923 veroin
3569 4871 3850 4936 phalange,
