4400 5784
2279 635 2796 708 —16-

1098 839 1381 919 ciuntur,
1431 838 1533 907 vel
1576 837 1823 906 indoles
1872 859 2090 906 earum
2139 839 2359 919 docet;
2419 863 2528 908 eas
2576 864 2613 907 a
2659 839 3038 910 Robortello
3085 840 3435 908 delineatas
3481 861 3622 908 esse
3668 860 3752 906 ex
3797 835 3988 925 ejus-

1101 954 1245 1021 dem
1294 954 1694 1023 dedicatione
1740 956 1822 1021 ad
1867 953 2146 1022 Marium
2195 953 2514 1024 venetum
2560 957 2707 1025 data
2750 956 3145 1045 intelligitur.

1272 1067 1376 1138 Ad
1421 1071 1825 1138 Aelianea
1870 1071 2064 1160 igitur
2110 1070 2564 1149 additamenta,
2613 1093 2784 1161 quae
2830 1074 3022 1140 etiam
3071 1072 3420 1139 theoretica
3455 1071 3707 1138 somnia
3755 1068 3983 1158 appel-

1096 1185 1231 1253 lare
1275 1186 1456 1262 licet,
1505 1187 1718 1253 resero
1767 1208 1821 1252 c.
1868 1186 1955 1262 X,
2007 1206 2137 1274 quo
2186 1185 2586 1254 diversorum
2626 1188 2923 1256 ordinum
2971 1188 3278 1276 praefecti
3321 1185 3678 1254 secundum
3723 1185 3990 1252 fortitu-

1098 1300 1296 1378 dinis,
1373 1323 1540 1389 quae
1596 1302 1827 1389 cuique
1888 1302 2067 1377 insit,
2134 1302 2402 1388 gradum
2459 1302 2608 1390 eligi
2663 1302 2975 1391 jubentur
3039 1302 3654 1376 mathematicis,
3727 1301 3782 1366 si
3843 1299 3985 1366 Diis

1096 1416 1351 1505 placet,
1404 1417 1755 1484 rationibus
1802 1415 2165 1494 subductis;
2217 1438 2483 1506 prorsus
2531 1418 2758 1485 eodem
2805 1418 3040 1495 modo,
3103 1439 3236 1506 quo
3283 1416 3476 1485 hodie
3522 1417 3641 1485 viri
3687 1415 3980 1503 quidam,

1098 1533 1210 1620 qui
1256 1531 1510 1618 egregie
1556 1553 1783 1620 sapere
1844 1530 1965 1598 sibi
2024 1532 2353 1609 videntur,
2418 1534 2700 1600 numeris
2760 1533 3146 1622 quibusdam
3200 1533 3526 1622 signisque
3581 1531 3984 1618 singulorum

1097 1646 1425 1713 hominum
1473 1646 1755 1735 singulas
1800 1647 2039 1734 ingenii
2084 1648 2509 1736 proprietates
2552 1649 2744 1736 plene
2797 1657 3105 1736 recteque
3151 1647 3426 1716 describi
3473 1651 3731 1736 putant!

1273 1761 1575 1848 Sequitur
1620 1782 1673 1827 c.
1722 1762 1835 1827 xl.
1884 1762 1963 1828 de
2008 1761 2215 1830 tribus
2260 1762 2746 1830 intervallorum
2793 1763 3161 1852 generibus,
3211 1785 3491 1854 quorum
3540 1763 3750 1853 primo
3797 1783 3990 1850 qua-

1097 1886 1283 1943 tuor
1306 1922 1323 1952 ,
1376 1875 1559 1941 alteri
1607 1872 1964 1962 (πυκνῶσει)
2012 1876 2206 1954 duo,
2279 1880 2469 1946 tertio
2517 1856 2977 1970 (συνασπισμῷ)
3036 1903 3278 1949 unum
3327 1879 3612 1950 cubitum
3659 1879 3974 1967 adsignat.

1096 1989 1425 2057 Prioribus
1474 1991 1819 2066 mensuris,
1888 2013 2056 2078 quae
2116 2003 2179 2059 et
2223 1995 2318 2059 rei
2362 2005 2634 2062 naturae
2679 2007 2740 2062 et
2787 1996 3124 2064 doctorum
3175 1995 3532 2085 praeceptis
3581 1995 3984 2062 conveniunt

1101 2144 1179 2156 -
1229 2104 1355 2172 vid.
1400 2125 1597 2194 supra
1644 2105 1723 2172 ad
1771 2105 1935 2172 Ael.
1981 2107 2150 2172 xlv.
2205 2143 2311 2183 -,
2363 2111 2612 2177 tertiam
2661 2111 2742 2178 de
2787 2133 2906 2178 suo
2954 2111 3218 2186 addidit,
3271 2133 3467 2198 quam
3511 2110 3656 2201 ipso
3704 2131 3825 2176 usu
3874 2130 3980 2175 re-

1096 2221 1242 2309 spui
1310 2221 1500 2308 periti
1564 2221 1792 2287 sciunt.
1885 2220 2047 2287 Nam
2106 2244 2187 2288 ne
2251 2235 2619 2292 nostrorum
2678 2225 2936 2314 quidem
2985 2239 3348 2314 temporum
3393 2226 3669 2312 pedites,
3742 2223 3981 2291 nedum

1099 2347 1343 2402 veteres
1390 2334 1673 2422 hoplitae
1720 2335 1937 2422 clipeis
2000 2336 2338 2427 longisque
2384 2341 2580 2408 hastis
2627 2343 2913 2417 onerati,
2963 2343 3049 2409 ita
3098 2341 3478 2409 condensari
3526 2350 3833 2431 possunt,
3909 2350 3980 2406 ut

1096 2459 1565 2539 parastatarum
1611 2450 2010 2538 singulorum
2058 2455 2267 2542 spatia
2314 2465 2560 2523 tantum
2622 2457 3022 2545 singulorum
3070 2459 3194 2525 sint
3243 2457 3626 2525 cubitorum.
3717 2459 3856 2524 Imo
3901 2456 3982 2522 iis

1097 2566 1179 2634 ab
1226 2567 1502 2655 antiquis
1549 2567 1787 2633 tacticis
1833 2567 2023 2633 etiam
2070 2568 2134 2634 in
2182 2571 2586 2659 synaspismo
2634 2583 2914 2640 ternos
2963 2573 3238 2662 pedes,
3291 2573 3356 2639 h.
3411 2594 3465 2638 e.
3517 2593 3718 2640 unum
3768 2581 3832 2637 et
3877 2570 3984 2637 di-

1094 2681 1358 2748 midium
1432 2681 1755 2757 cubitum,
1831 2681 2195 2770 adsignatos
2255 2707 2394 2752 esse
2461 2708 2606 2753 cum
2665 2710 2748 2755 ex
2811 2689 2971 2756 locis
3017 2709 3212 2777 supra
3261 2688 3640 2777 explicatis,
3714 2697 3850 2755 tum
3895 2709 3984 2754 ex

1096 2795 1318 2885 Polyb.
1365 2797 1513 2871 xn.
1566 2799 1675 2872 21,
1726 2807 1862 2858 1-3
1910 2808 2104 2884 patet.
2205 2800 2330 2868 Sed
2390 2823 2510 2868 nec
2568 2801 2740 2869 uude
2785 2803 3142 2871 doctrinam
3204 2825 3386 2870 suam
3447 2803 3727 2870 hauserit
3780 2802 3986 2870 homo

1096 2910 1521 2985 umbraticus,
1575 2932 1693 2977 nos
1740 2910 1926 2979 latet:
1978 2913 2220 2981 scilicet
2257 2936 2347 2981 ex
2394 2917 2508 2991 iis,
2560 2939 2728 3005 quae
2775 2918 3010 2986 alicubi
3056 2919 3296 3007 legerat
3343 2918 3424 2985 de
3471 2929 3986 3007 protostatarum

1095 3037 1158 3093 et
1206 3027 1618 3115 epistatarum
1665 3026 2013 3094 intervallis
2058 3029 2125 3094 in
2158 3030 2662 3100 condensatione
2705 3031 2784 3100 ad
2832 3034 3036 3101 duos
3084 3056 3290 3122 usque
3336 3035 3573 3123 pedes
3623 3034 3988 3101 minuendis

1095 3179 1176 3191 --
1216 3139 1339 3208 vid.
1386 3162 1583 3229 supra
1630 3141 1671 3206 l.
1706 3163 1759 3208 c.
1795 3178 1901 3218 -—,
1950 3143 2121 3208 uude
2170 3166 2366 3232 quam
2409 3147 2596 3215 facile
2642 3159 2779 3215 erat
2825 3149 3070 3216 sedenti
3116 3151 3182 3216 in
3231 3150 3506 3218 triclinio
3550 3150 3782 3218 milites
3813 3148 3986 3216 ficti-

1098 3258 1231 3323 cios
1279 3256 1469 3322 etiam
1518 3267 1871 3345 parastatas
1915 3258 1980 3322 iu
2027 3259 2427 3347 singulorum
2475 3263 2877 3340 cubitorum,
2951 3265 3010 3332 b.
3062 3287 3116 3332 e.
3167 3266 3356 3333 unius
3405 3275 3468 3333 et
3513 3265 3821 3334 dimidiati
3866 3285 3984 3352 pe-

1099 3372 1213 3447 dis,
1263 3372 1691 3459 comprimere
1737 3373 2100 3440 intervalla!
2153 3376 2287 3443 Nec
2318 3379 2527 3445 minus
2568 3401 2809 3448 meram
2855 3382 3020 3468 sapit
3067 3381 3450 3466 doctrinam,
3503 3382 3676 3469 quod
3708 3383 3772 3448 iu
3806 3379 3984 3469 ejus-

1090 3485 1236 3552 dem
1284 3485 1507 3574 capitis
1568 3485 1693 3552 fine
1739 3488 2092 3557 normalem
2139 3514 2322 3560 suam
2377 3497 2586 3560 16:384
2635 3495 2905 3564 militum
2937 3497 3069 3562 sive
3107 3501 3275 3563 1024
3325 3495 3660 3566 locborum
3712 3496 3980 3585 phalan-

1090 3631 1233 3698 gem
1306 3609 1509 3697 prima
1576 3611 1864 3696 positura
1931 3610 2208 3678 decem
2275 3610 2532 3676 stadia
2597 3612 3044 3698 nonaginta
3111 3633 3254 3678 sex
3327 3613 3692 3690 cubitos,
3772 3613 3968 3679 altera

1089 3725 1444 3812 quinque
1488 3723 1751 3791 stadia
1799 3725 2330 3813 quadraginta
2377 3737 2559 3793 octo
2607 3725 2960 3801 cubitos,
3015 3726 3200 3794 tertia
3245 3727 3502 3794 stadia
3547 3725 3701 3794 duo
3747 3739 3822 3794 et
3866 3726 3976 3794 di-

1088 3839 1449 3914 midium,
1502 3838 1818 3907 cubitos
1866 3840 2162 3929 viginti
2209 3853 2571 3928 quatuor
2617 3839 2908 3907 obtinere
2954 3841 3126 3909 dicit.
3205 3842 3406 3921 Quasi
3456 3864 3610 3910 vero
3656 3842 3976 3932 ejusmodi

1090 3953 1370 4045 phalanx
1416 3976 1547 4021 una
1597 3954 1816 4047 fuisset
1863 3977 2067 4044 eaque
2126 3957 2264 4023 sine
2331 3955 2478 4023 ullis
2525 3955 2624 4022 vel
2682 3957 2962 4023 minimis
3008 3956 3361 4024 intervallis
3409 3961 3712 4027 continua
3759 3959 3980 4028 multi-

1092 4068 1280 4136 tudol
1378 4069 1500 4137 Hic
1547 4091 1843 4157 quoque,
1911 4092 2075 4159 quae
2120 4071 2427 4159 Polybius
2467 4073 2611 4147 XII,
2669 4076 2770 4148 19,
2818 4081 2993 4133 7-10
3039 4073 3118 4139 ad
3166 4073 3678 4160 redarguendam
3725 4097 3982 4165 pugnae

1092 4186 1327 4251 Issicae
1375 4184 1871 4274 descriptionem
1919 4207 1956 4252 a
2004 4185 2388 4254 Callisthene
2448 4187 2846 4277 propositam
2907 4207 3027 4254 suo
3086 4185 3236 4275 jure
3291 4191 3594 4278 supponit
3621 4238 3638 4267 ,
3705 4191 3867 4258 male
3912 4192 3981 4258 iu

1092 4320 1274 4367 suam
1325 4321 1461 4366 rem
1510 4300 1793 4367 detorsit.
2315 4283 2320 4291 ’

1263 4417 1469 4484 Porro
1516 4415 1643 4483 huc
1690 4416 1997 4503 pertinet,
2049 4416 2224 4504 quod
2271 4439 2326 4484 c.
2358 4413 2540 4483 XIV.
2588 4417 2666 4483 de
2714 4417 3042 4502 nonnullis
3091 4419 3287 4487 refert
3338 4421 3722 4490 sarissarum
3768 4422 3996 4518 longi-0

1097 4529 1383 4597 tudinem
1431 4532 1632 4617 magis
1681 4532 1871 4598 etiam
1919 4531 2330 4619 augentibus:
2403 4529 2565 4598 ἔνιοι
2608 4529 2679 4598 δὲ
2721 4528 2802 4598 τὰ
2845 4537 2974 4599 τῶν
3019 4529 3223 4600 ὀπίσω
3265 4534 3663 4620 τεταγμένων
3706 4531 3988 4604 ὁπλιτῶν

990 4633 1003 4644 ’
1088 4641 1331 4731 δόρατα
1373 4641 1733 4730 μακρότερα
1778 4648 1907 4711 τῶν
1953 4643 2323 4731 ἔμπροσθεν
2376 4642 2848 4714 κατεσκεύασαν
2864 4696 2883 4725 ,
2957 4649 3067 4715 ἵνα
3126 4649 3235 4716 καὶ
3287 4651 3354 4716 οἱ
3392 4648 3572 4739 μέχρι
3615 4653 3834 4739 τρίτου
3879 4655 3982 4734 ζυ-

1085 4761 1211 4844 γοῦ
1253 4755 1299 4845 ἦ
1341 4755 1649 4846 τετάρτου
1694 4756 2063 4845 τεταγμένοι
2117 4757 2234 4839 τὰς
2295 4757 2525 4847 αἰχμὰς
2583 4760 2648 4842 ἐξ
2693 4765 2840 4829 ἴσου
2897 4769 3033 4842 τοῖς
3084 4760 3807 4852 ἀντιπαρατεταγμένας
3849 4765 3980 4835 ἐπι-

1088 4870 1395 4962 φέρωσιν.
1488 4877 1632 4943 Hoc
1691 4877 1949 4963 egregio
2012 4877 2206 4964 igitur
2267 4877 2533 4946 invento
2589 4900 2722 4947 non
2775 4879 3051 4948 sedecim
3110 4891 3351 4950 tantum
3377 4929 3396 4960 ,
3463 4883 3576 4952 sed
3622 4883 3979 4952 octodecim
