4400 5784
2234 586 2741 659 *1⁰*

1039 800 1264 877 τόπον,
1317 824 1506 893 quem
1555 802 1762 867 locum
1815 800 1918 878 „in
1965 809 2148 865 notas
2195 797 2461 885 rejecit“
2510 796 2588 863 ad
2620 816 2755 884 cap.
2804 816 3103 885 sequens;
3152 808 3300 863 tum·
3330 818 3385 861 c.
3427 792 3703 863 vam
3752 790 3928 862 ὁπλῖ-

1043 947 1150 989 ται
1191 910 1310 1005 μὲν
1355 908 1478 985 οὖν
1527 954 1604 967 --
1636 910 2055 999 σφενδόναιςς
2099 924 2425 1001 postremo
2454 913 2519 979 iu
2549 912 2656 977 illa
2690 912 2979 999 quadrati
3025 912 3291 998 agminis
3332 914 3590 998 exegesi
3636 912 3776 979 libri
3820 910 3929 977 fini

1045 1040 1318 1117 adnexa,
1367 1055 1532 1123 quae
1563 1030 2066 1121 Byzantinorum
2109 1028 2529 1095 additamenta
2574 1048 2837 1113 prorsus
2866 1026 3116 1095 delevit.
3212 1024 3514 1093 Codicem
3548 1048 3706 1093 vero
3738 1048 3930 1093 mauu

1045 1156 1352 1241 scriptum
1413 1148 1634 1216 habuit
1693 1146 1963 1217 nullum,
2035 1165 2152 1211 nec
2204 1143 2377 1210 illum
2440 1142 2695 1231 quidem
2764 1180 2845 1193 --
2892 1142 2939 1211 S
2990 1180 3109 1214 ——.
3174 1142 3255 1209 de
3318 1164 3449 1233 quo
3506 1164 3699 1229 supra
3768 1143 3921 1209 dixi.

1055 1272 1239 1337 Hunc
1301 1267 1714 1354 depravatum
1771 1260 2064 1329 editionis
2110 1258 2435 1325 Parisiuae
2494 1268 2737 1325 textum
2784 1259 2971 1323 etiam
3030 1258 3239 1325 codex
3302 1257 3565 1347 praebet
3610 1262 3785 1324 2540
3832 1258 3927 1341 (1).

1225 1380 1312 1449 Ut
1355 1382 1550 1466 igitur
1595 1377 1772 1444 brevi
1805 1388 2184 1463 conspectu,
2234 1396 2399 1461 quae
2443 1376 2607 1440 ratio
2651 1375 2731 1439 sit
2780 1384 3143 1441 nostrorum
3174 1374 3498 1453 codicum,
3546 1389 3930 1461 repetamus,

1051 1502 1220 1568 hunc
1265 1496 1556 1565 addimus
1601 1494 1908 1559 indicem:

1311 1613 1364 1678 1.
1441 1608 1711 1675 Editio
1757 1605 2233 1675 Florentina.
2826 1603 2909 1670 n.
2978 1603 3241 1671 Editio
3287 1603 3665 1672 Parisina.

1727 1836 1820 1904 Μ.
3044 1838 3097 1921 1)
3146 1858 3305 1923 pura

3080 1950 3139 2017 A
3160 1950 3213 2017 Β
3238 1950 3292 2019 F
3316 1964 3383 2011 -4-
3412 1958 3493 2020 Φ.

2796 2066 2853 2131 D
2940 1988 2983 2234 (
3030 2070 3093 2149 2)
3152 2070 3532 2157 interpolata

2983 2237 2991 2245 ,
3078 2180 3371 2251 CEGH
3394 2184 3465 2253 S.

3044 2298 3109 2383 3)
3158 2299 3497 2388 depravata

3066 2416 3133 2489 1,
3186 2428 3397 2483 textus
3446 2418 3754 2503 vulgatus.

1223 2532 1356 2600 Sed
1401 2544 1772 2621 antequam,
1821 2552 1985 2619 quae
2031 2552 2110 2596 ex
2159 2531 2255 2595 bis
2302 2528 2599 2596 subsidiis
2644 2532 2709 2595 in
2758 2542 3041 2597 nostram
3088 2550 3223 2597 rem
3270 2533 3731 2609 convertimus,
3781 2556 3937 2600 enu-

1053 2670 1398 2727 meremus,
1461 2668 1659 2735 pauca
1723 2648 1802 2715 de
1862 2646 2144 2714 inedita
2212 2648 2491 2711 tactica
2552 2642 2757 2729 (τέχνη
2810 2641 3093 2729 τακτικὴ)
3152 2647 3437 2734 adjicere
3480 2648 3711 2735 placet,
3775 2672 3937 2737 quae

1057 2764 1608 2851 Asclepiodoti
1677 2762 2156 2851 philosophi
2232 2763 2489 2829 nomine
2554 2761 2939 2829 inscribitur.
3072 2760 3251 2830 Fecit
3316 2764 3464 2851 ejus
3530 2765 3673 2830 libri
3738 2776 3810 2832 ut
3872 2768 3936 2831 in

1057 2880 1450 2947 bibliothecis
1497 2879 1596 2946 hic
1637 2880 1762 2945 illic
1801 2879 2048 2945 latentis
2081 2878 2465 2943 mentionem
2499 2876 2828 2945 Fabricius
2874 2877 3156 2945 biblioth.
3190 2877 3303 2945 Gr.
3353 2878 3449 2953 ΙΙ,
3498 2900 3559 2966 p.
3596 2888 3739 2947 571.
3784 2886 3935 2947 767.

1057 2994 1176 3069 Vl,
1227 3016 1289 3081 p.
1335 2998 1486 3061 485.
1535 2992 1636 3073 X,
1681 3015 1745 3081 p.
1791 2998 1915 3059 491
1969 2994 2083 3071 ita,
2129 3005 2200 3059 ut
2248 2994 2457 3080 ipsum
2502 3012 2733 3059 nomen
2780 2994 3093 3061 incertum
3140 2994 3491 3069 videretur,
3540 2998 3773 3084 quippe
3816 3018 3937 3083 pro

1058 3132 1188 3197 quo
1272 3112 1458 3177 etiam
1533 3109 1712 3174 Asel
1734 3108 2094 3195 epiodori
2169 3108 2433 3196 legatur.
2564 3108 2636 3173 ln
2720 3108 2925 3175 tribus
3002 3130 3159 3177 vero
3236 3110 3537 3177 Parisinis
3612 3112 3939 3179 codicibus

1060 3230 1380 3291 —-·2522
1443 3224 1579 3307 (Α),
1645 3229 1818 3290 2435
1877 3220 2006 3308 (Β),
2071 3235 2132 3289 et
2189 3228 2363 3291 2528
2426 3220 2563 3307 (C),
2620 3225 2731 3311 qui
2778 3222 3065 3291 Salmasii
3124 3248 3311 3292 manu
3370 3228 3641 3315 scriptus
3688 3228 3939 3293 duobus
4054 3290 4059 3295 .

1063 3342 1198 3407 aliis
1245 3352 1522 3427 praestat
1569 3374 1649 3389 --
1701 3339 2078 3414 chartaceis,
2127 3361 2291 3405 saec.
2326 3338 2513 3415 xvi,
2561 3340 2891 3427 inscriptio
2936 3340 3295 3429 praefertur
3330 3342 3524 3409 haec:
3572 3340 3941 3427 Ἀσκληπιο-

1053 3456 1248 3523 δόωυ
1293 3453 1666 3536 φιλοσόφου
1707 3450 1966 3521 τακτικὰ
2011 3450 2365 3541 κεφάλαια,
2410 3457 2515 3522 cui
2558 3455 2924 3529 duodecim.
2974 3478 3054 3522 ex
3102 3456 3333 3544 quibus
3378 3457 3623 3525 libellus
3668 3472 3936 3531 constat.

1056 3574 1330 3659 capitum
1353 3572 1545 3638 index
1567 3571 1920 3637 adnectitur
1971 3610 2044 3621 -
2081 3572 2205 3637 vid.
2230 3570 2391 3637 infra
2414 3593 2479 3659 p.
2514 3576 2695 3659 l2sq.
2734 3610 2839 3647 —,
2870 3584 3003 3639 tum
3031 3572 3305 3658 primum
3330 3584 3519 3659 caput
3541 3573 3937 3641 inscribitur:

1069 3688 1276 3773 Τέχνη
1299 3685 1576 3771 cmvi-5.
1662 3686 1824 3767 Περὶ
1866 3690 1980 3772 τῆς
2023 3682 2356 3771 φάλαγγος
2399 3688 2736 3771 διαφορᾶς.
2828 3686 3317 3773 Asclepiodotos
3349 3688 3759 3776 philosophos
3790 3700 3939 3763 tres,

1062 3816 1366 3892 quantum
1411 3804 1566 3883 scio,
1614 3804 1938 3877 novimus,
1989 3824 2184 3869 unum
2228 3800 2551 3883 Stoicum,
2599 3801 2927 3869 Posidonii
2970 3802 3367 3869 celeberrimi
3400 3804 3565 3870 illius
3599 3804 3781 3895 Syri.
3830 3806 3941 3892 qui

1055 3920 1266 3987 Rhodi
1291 3916 1619 3985 Ciceronis
1645 3929 1708 3983 et
1731 3916 2026 4006 Pompeji
2049 3916 2445 4005 temporibus
2468 3940 2710 3984 summa
2736 3940 2881 3985 cum
2908 3919 3093 3984 lande
3119 3919 3402 3994 docebat,
3428 3920 3804 3995 auditorem,
3830 3922 3941 4008 qui

1065 4047 1222 4101 teste
1253 4032 1498 4101 Seneca
1527 4045 1734 4099 natur.
1763 4043 2006 4120 quaest.
2036 4028 2155 4107 vl,
2197 4038 2275 4099 17
2296 4086 2311 4106 ,
2356 4038 2397 4098 3
2434 4032 2513 4099 de
2544 4034 2985 4121 quaestionum
3010 4034 3385 4101 naturalium
3420 4037 3627 4101 causis
3656 4022 3940 4123 scripsit:

1062 4164 1194 4217 tum
1257 4170 1636 4236 „magunum
1701 4148 1910 4223 illum,
1977 4144 2544 4235 Neoplatonicum,
2607 4146 2821 4216 Procli
2868 4149 3277 4237 discipulum,
3324 4162 3587 4219 naturae
3630 4162 3945 4217 scrutato-

1059 4288 1228 4341 rem,
1277 4266 1624 4345 medicum‚
1673 4264 2217 4350 thaumaturgum,
2266 4264 2347 4330 de
2392 4285 2521 4351 quo
2570 4264 2802 4331 multus
2849 4276 2943 4331 est
2976 4266 3377 4347 Damascius,
3424 4287 3502 4333 cu
3506 4266 3615 4354 jus
3648 4268 3947 4353 magister

1061 4382 1214 4459 luit,
1261 4382 1324 4447 in
1376 4382 1496 4447 vita
1545 4380 1774 4447 lsidori
1821 4381 1992 4468 apud
2041 4378 2231 4466 Phot.
2278 4378 2559 4446 biblioth.
2606 4401 2669 4467 p.
2704 4384 2853 4447 343.
2902 4376 2975 4445 B.
3022 4400 3156 4467 sqq.
3208 4380 3305 4445 ed.
3354 4378 3669 4457 Bekker.,
3720 4402 3946 4447 excer-

1060 4508 1208 4582 ptus
1253 4496 1358 4563 ille
1401 4519 1438 4562 a
1481 4494 1680 4563 Suida
1727 4516 1776 4561 s.
1811 4518 1908 4575 v.;
1955 4506 2281 4584 postremo
2324 4496 2517 4583 hujus
2548 4496 2744 4583 ipsius
2778 4517 3017 4582 gener.
3068 4507 3449 4561 memoratus
3492 4494 3646 4562 ibid.
3696 4518 3757 4584 p.
3791 4500 3943 4563 346.

1069 4608 1139 4675 Β.
1190 4616 1250 4675 6.
1343 4610 1684 4677 Praeterea
1727 4608 2223 4699 Asclepiodotus
2267 4611 2520 4698 quidam
2568 4612 2745 4679 testis
2790 4612 3097 4699 allegatur
3160 4634 3193 4678 a
3264 4610 3537 4700 Vopisco
3582 4610 3803 4680 Aurel.
3858 4618 3946 4678 u

1057 4725 1284 4813 judicii
1335 4722 1712 4792 Diocletiani
1759 4725 1838 4792 de
1866 4726 2221 4793 Aureliano
2265 4726 2444 4801 dicti,
2492 4750 2681 4816 quem
2718 4729 2925 4796 virum
2972 4740 3241 4817 propter
3284 4726 3452 4795 hunc
3482 4728 3691 4816 ipsum
3736 4730 3947 4796 locum

1057 4840 1322 4908 calidius
1371 4862 1560 4929 quam
1626 4840 1908 4909 callidius
1977 4844 2143 4910 inter
2189 4842 2520 4911 historicos
2568 4845 2781 4910 retulit
2828 4840 3155 4912 Carolus
3202 4840 3581 4911 Miillerus
3634 4845 3699 4911 in
3746 4844 3951 4911 utilis-
