4400 5784
1734 646 2244 715 „23—

535 850 785 935 ξελθὼν
805 902 822 930 ,
895 850 992 918 ὅτι
1045 846 1124 917 τὰ
1180 873 1354 935 παγη
1429 879 1456 904 ·
1531 849 1634 916 mxl
1683 848 1900 935 ἔφθην
1955 852 2237 935 δηλῶσαι
2294 847 2365 915 ἐν
2418 852 2499 935 τῇ
2564 851 2939 935 συγγραφῇ,
2994 844 3223 935 ἥντινα
3271 844 3437 935 ὑπὲρ

537 964 744 1036 αὐτοῦ
786 970 906 1033 τοῦ
972 963 1281 1052 βασιλέως
1338 963 1725 1050 συνέγραψα.
1799 962 1875 1031 τὸ
1935 962 2006 1031 δὲ
2065 990 2178 1050 μοι
2224 962 2399 1032 ἔσται
2441 962 2619 1042 τέλος
2660 968 2780 1031 τοῦ
2823 960 3024 1049 λόγου
3068 968 3188 1031 τοῦ
3230 988 3441 1031 τακτι-

543 1058 688 1151 κοῦ.
781 1084 928 1151 Non
961 1082 1220 1158 dubito,
1271 1083 1452 1169 quin,
1505 1103 1674 1169 quae
1705 1082 1874 1147 male
1907 1082 2308 1160 coaluerunt,
2343 1083 2531 1149 unius
2563 1081 2709 1147 libri
2742 1081 2885 1149 finis
2918 1093 2980 1148 et
3009 1082 3267 1148 alterius
3312 1082 3437 1147 ini-

551 1201 736 1271 tium,
785 1198 912 1265 hoc
944 1196 1138 1264 modo
1169 1196 1563 1263 secernenda
1606 1197 1761 1263 sint:
1808 1192 1958 1263 τάδε
1987 1194 2124 1282 μέν,
2172 1193 2383 1283 ὥσπερ
2428 1194 2501 1263 ἐν
2528 1194 2733 1283 τέχνῃ,
2766 1194 2844 1263 δι’
2875 1192 3111 1281 ὀλύγων
3154 1192 3441 1283 ἐδήλωσα

545 1308 736 1379 ἱκανὰ
780 1306 944 1397 ’ὑπέρ
985 1334 1064 1378 τε
1117 1314 1267 1379 τῶν
1309 1307 1508 1378 πάλαι
1545 1305 1931 1397 Ἑλληνικῶν
1985 1312 2094 1379 καὶ
2137 1314 2613 1379 Μακεδονικῶν
2664 1308 2940 1393 τάξεων,
3020 1314 3089 1378 εἴ
3136 1335 3232 1389 τις
3274 1308 3434 1396 μηδὲ

549 1424 799 1495 τούτων
843 1422 1118 1513 ἀπείρως
1163 1422 1379 1492 ἐθέλοι
1424 1424 1614 1512 ἔχειν·
1663 1422 1849 1494 τόδε
1895 1425 1974 1494 δέ
2018 1451 2130 1513 μοι
2161 1426 2337 1494 ἔσται
2363 1424 2542 1506 τέλος
2570 1431 2690 1494 τοῦ
2719 1423 2919 1513 λόγου
2949 1430 3069 1495 τοῦ
3108 1430 3427 1494 τακτικοῦ.

699 1540 950 1627 Ἔγωγ
967 1565 995 1608 ε
1049 1538 1130 1608 τά
1189 1538 1415 1608 ἱππικὰ
1470 1538 1822 1627 γυμνάσια,
1893 1538 2015 1610 ὅσα
2062 1538 2365 1629 Ῥωμαῖοι
2426 1544 2636 1621 ἱππεῖς
2688 1540 3150 1629 γυμνάζονται,
3215 1542 3286 1609 ἐν
3346 1546 3437 1633 τῷ

541 1656 815 1743 παρόντι
876 1655 1249 1744 δηλώσω,
1315 1654 1417 1725 ὅτι
1481 1654 1570 1725 τὰ
1637 1655 1920 1739 πεζικὰ
1988 1656 2252 1744 ἔφθην
2319 1655 2759 1739 ἐπεξελθών
2822 1657 2894 1726 ἐν
2948 1662 3028 1747 τῇ
3072 1662 3435 1746 συγγραφῆ,

541 1772 770 1859 ἥντινα
813 1768 978 1858 ’ὑπὲρ
1023 1768 1229 1840 αὐτοῦ
1267 1777 1387 1841 τοῦ
1421 1772 1728 1860 βασιλέως
1763 1772 2034 1859 ἔγραψα.
2115 1774 2308 1841 Liber
2337 1774 2445 1841 ille
2493 1776 2743 1841 Arriani
2784 1796 2977 1863 quem
3026 1796 3155 1842 non
3203 1774 3438 1841 cohae-

542 1892 700 1957 sisse
733 1888 811 1956 ab
843 1891 1026 1957 initio
1060 1912 1208 1957 cum
1240 1900 1520 1958 tractatu
1549 1892 1834 1977 equestri
1863 1891 2002 1979 ipsa
2050 1890 2211 1957 haec
2258 1889 2453 1956 verba
2502 1891 2873 1965 ostendunt,
2924 1910 3069 1958 cum
3117 1890 3432 1978 periisset,

541 2005 976 2072 Aelianeus
1025 2044 1108 2055 -
1156 2007 1243 2071 ita
1303 2004 1439 2093 jam
1501 2027 1648 2072 eum
1709 2005 2034 2095 appellare
2096 2005 2245 2072 licet
2306 2027 2453 2073 cum
2498 2006 2862 2094 Byzantinis
2910 2008 3125 2072 Leone
3168 2006 3279 2081 VI,
3332 2010 3436 2072 30.

546 2120 966 2189 Constantino
1014 2144 1080 2211 p.
1120 2125 1290 2189 1228
1325 2160 1390 2171 -—
1439 2123 1505 2188 in
1553 2120 1693 2210 ejus
1726 2121 1942 2189 locum
1972 2119 2347 2189 substitutus
2381 2132 2443 2188 et
2476 2142 2625 2187 cum
2657 2132 2931 2189 tractatu
2964 2123 3245 2209 equestri
3278 2142 3437 2188 con-

544 2237 727 2303 flatus
775 2246 889 2303 est.
982 2237 1173 2304 Hunc
1219 2258 1374 2304 vero
1420 2234 1766 2304 Aelianum
1812 2258 1942 2303 non
1990 2258 2138 2303 cum
2171 2236 2431 2303 rhetore
2461 2239 2880 2304 Praenestino
2913 2236 3437 2333 confundendum

542 2374 703 2429 esse,
752 2353 816 2419 id
865 2351 1041 2442 quod
1089 2351 1260 2420 hand
1307 2376 1459 2421 raro
1507 2352 1761 2429 accidit,
1812 2354 1920 2419 vix
1965 2350 2102 2439 jam
2158 2374 2327 2440 opus
2374 2362 2469 2419 est
2516 2364 2586 2419 ut
2630 2365 2993 2420 moneatur.

717 2470 924 2537 Unum
975 2479 1206 2545 restat,
1257 2469 1432 2556 quod
1482 2469 1625 2557 quis
1672 2485 1968 2560 quaerat,
2020 2493 2174 2537 num
2206 2472 2548 2548 Arrianae,
2602 2492 2795 2559 quam
2844 2492 2962 2560 per
3008 2470 3278 2539 abusum
3336 2471 3432 2538 di-

541 2584 794 2659 ximus,
829 2586 1125 2651 recensio
1157 2585 1570 2673 integriorem
1603 2600 1815 2654 servet
1843 2588 2044 2677 ipsius
2079 2586 2325 2654 Aeliani
2352 2608 2634 2675 operam,
2665 2608 2856 2674 quam
2880 2588 3137 2654 serioris
3161 2588 3437 2654 rhetoris

541 2721 768 2766 manus
816 2698 1152 2766 adauctam
1184 2702 1252 2766 in
1286 2701 1652 2779 Aelianeae,
1691 2724 1882 2790 quam
1919 2704 2313 2779 vocavimus,
2348 2702 2745 2769 recensionis
2772 2704 3045 2770 formam
3091 2703 3431 2791 redegerit,

541 2837 623 2880 an
672 2816 806 2902 ipsa
841 2814 950 2881 illa
998 2815 1222 2905 paullo
1277 2818 1600 2906 antiquius
1639 2818 1964 2906 quoddam
2003 2819 2083 2886 sit
2126 2817 2541 2908 opusculum,
2592 2818 2768 2906 quod
2800 2819 3021 2907 paucis
3065 2819 3324 2886 mutatis
3368 2820 3435 2887 in

543 2951 731 2995 suum
790 2951 978 2997 usum
1041 2931 1435 2999 transtulerit
1492 2931 1798 3001 Aelianus
1865 2934 2194 3023 particulis
2260 2935 2547 3023 undique
2618 2934 2888 3001 desectis
2957 2935 3432 3023 amplificatum.

549 3045 773 3110 Utrum
821 3043 1222 3132 probabilius
1268 3047 1381 3123 sit,
1455 3046 1713 3119 difficile
1760 3050 2018 3137 quidem
2066 3056 2380 3128 statuere,
2432 3049 2544 3117 sed
2587 3062 3067 3138 utrumcunque
3110 3051 3430 3129 statuitur,

551 3180 654 3224 res
700 3159 968 3246 perinde
1014 3173 1124 3228 est.
