4400 5784
1691 658 2150 731 -9-

680 867 1049 926 Emendanda
1076 868 1132 921 in
1170 864 1512 921 Arriano:
1549 860 1896 939 πρόκειται]
1937 862 2333 939 πρόσκειται.
2360 890 2429 900 -
2467 863 2529 914 οἱ
2560 862 2689 930 μέν
2723 876 2801 930 γε
2825 857 2949 933 δύο]
2980 862 3040 913 οἱ
3070 861 3202 930 μὲν
3237 859 3368 933 γὰρ

609 966 724 1021 δύο.
760 995 831 1006 -
865 967 1117 1036 γίνεται
1153 981 1220 1017 τι
1254 960 1604 1033 σύνταγμα]
1657 966 1875 1032 γίνεται
1921 960 1997 1015 τὸ
2044 959 2295 1028 τάγμα.
2370 958 2561 1029 Ipsum
2610 958 2947 1014 vocabulum
2998 957 3369 1029 σύνταγμα

608 1064 800 1123 addito
836 1065 990 1118 certe
1026 1062 1099 1115 δέ
1134 1063 1264 1116 ante
1300 1059 1482 1126 λόχων
1518 1059 1627 1128 μὲν
1663 1060 1977 1113 ἑκκαίδεκα
2011 1057 2239 1114 excidit.

691 1178 862 1245 Ael.
910 1175 1036 1245 XI.
1073 1180 1342 1243 =Arr.
1392 1197 1448 1242 c.
1499 1180 1580 1242 16
1640 1188 1703 1243 et
1773 1179 1851 1241 1⁷
1896 1176 1960 1242 S.
2009 1196 2078 1263 p.
2131 1179 2218 1240 32
2264 1194 2361 1261 sq.
2415 1174 2488 1239 B.
2589 1172 2684 1239 De
2746 1170 2970 1238 eadem
3024 1191 3131 1263 re,
3192 1171 3252 1236 h.
3304 1191 3359 1237 e.

475 1299 554 1367 de
599 1296 791 1365 variis
838 1293 1173 1383 phalangis
1217 1291 1603 1367 intervallis,
1653 1289 1766 1358 sed
1829 1290 2082 1357 diverso
2143 1290 2341 1370 modo
2396 1298 2628 1376 agunt,
2688 1308 2822 1375 quo
2870 1285 2952 1352 de
2998 1286 3364 1354 discrimine

471 1426 700 1505 postea
749 1411 1026 1509 dicetur.

685 1545 751 1601 Iu
788 1544 1106 1601 Arriano
1142 1543 1345 1599 lacuna
1383 1546 1470 1598 est
1506 1541 1662 1597 initio
1701 1540 1774 1594 ita
1813 1537 2119 1609 explenda:
2159 1536 2417 1592 τάττεται
2452 1536 2515 1588 δὲ
2549 1532 2589 1605 ›7‘
2623 1532 2850 1605 φάλαγξ
2885 1535 2982 1589 ἐπὶ
3016 1536 3206 1603 μῆκος
3238 1537 3365 1602 μέν,

619 1642 770 1698 ὅπου
802 1642 1152 1719 ἀραιοτέραν
1185 1640 1298 1717 χρὴ
1333 1639 1635 1704 τετάχθαι,
1689 1640 1741 1691 εἰ
1785 1632 1824 1705 ἦ
1869 1653 1932 1691 τε
1965 1636 2126 1711 χώρα
2173 1638 2421 1709 παρέχοι
2456 1635 2557 1687 καὶ
2590 1630 3033 1707 ὠφελιμώτερον
3069 1630 3191 1700 εἴη,
3248 1631 3367 1685 ἐπὶ

619 1740 860 1808 βάθος
911 1740 1010 1805 δέ,
1067 1734 1248 1793 ὅπου
1282 1737 1401 1791 δεῖ
1429 1740 1814 1809 πυκνοτέραν
1866 1730 2088 1798 εἶναι,
2144 1735 2209 1785 εἰ
2242 1733 2385 1807 αὐτῇ
2420 1728 2617 1803 (vulgo
2659 1734 2871 1785 lanium
2910 1728 3116 1799 legitur
3148 1757 3219 1768 —
3256 1726 3367 1797 εἴη.

608 1838 814 1894 Ὅπου
847 1840 922 1892 δὲ
957 1840 1360 1910 πυκνοτέρα
1397 1833 1544 1903 εἴη,
1580 1831 1738 1909 αὐτῇ)
1777 1832 1848 1907 τῇ
1881 1830 2190 1900 πυκνότητι
2216 1834 2316 1885 καὶ
2354 1830 2421 1905 τῇ
2460 1826 2616 1905 ῥώμη
2653 1826 2783 1893 τοὺς
2812 1827 3126 1897 πολεμίους
3160 1825 3370 1895 ἐξῶσαι

621 1938 850 1992 δέοι.-
891 1935 1087 1992 Paullo
1123 1940 1253 2005 post
1271 1932 1661 1989 scribendum:
1697 1930 1926 1985 ἐπειδὰν
1963 1931 2044 1994 εἰς
2079 1927 2397 1983 τοσόνὸε
2436 1922 2635 1998 (vulgo
2675 1924 2901 1979 τοσὸν
2936 1922 3037 1997 δὲ)
3075 1921 3369 1998 πυκνῶσῃ

615 2032 812 2108 (vulgo
847 2032 1230 2105 πυκνώσην)
1279 2031 1378 2101 τὴν
1414 2030 1715 2099 φάλαγγα,
1752 2024 1830 2094 ὥς
1865 2025 1962 2081 διὰ
1994 2025 2095 2095 τὴν
2129 2028 2435 2091 συνέχειαν
2478 2023 2621 2095 μηδ
2632 2024 2659 2077 ὲ
2698 2020 2899 2094 (vulgo
2934 2022 3018 2092 μὴ
3052 2019 3143 2095 δὲ)
3181 2020 3370 2075 κλίσιν

617 2163 684 2172 -
719 2128 793 2187 ἔτ’
829 2133 1108 2206 ἐγχωρεῖν
1145 2131 1246 2200 τὴν
1281 2128 1454 2197 τάξιν.
1507 2128 1596 2182 Ex
1631 2124 1934 2198 postremis
1971 2124 2159 2182 verbis
2193 2128 2349 2195 patet
2384 2123 2533 2196 apud
2571 2122 2870 2178 Aelianum
2907 2135 3009 2191 pro
3043 2115 3189 2175 ὥστε
3224 2120 3371 2173 ἐπι-

619 2231 900 2296 δέχεσθαι
936 2228 1266 2301 μεταβολήν
1307 2226 1666 2285 scribendum
1705 2238 1836 2281 esse
1870 2218 1982 2278 ἔτι
2017 2222 2050 2276 δ
2060 2226 2092 2277 έ
2097 2241 2138 2289 χ
2149 2222 2325 2276 εσθαι
2361 2241 2423 2292 μ.

693 2347 863 2415 Ael.
912 2345 1106 2414 XIII.
1143 2347 1410 2413 =Arr.
1471 2365 1529 2410 c.
1599 2345 1680 2409 18
1741 2342 1805 2409 S.
1863 2365 1930 2431 p.
1985 2344 2247 2406 33—35
2296 2340 2366 2405 Β.
2438 2332 2694 2420 ἀγαθὸν
2743 2374 2823 2385 -
2870 2333 3153 2401 τακτέον.
3245 2334 3369 2400 Ea-

478 2464 625 2532 dem
671 2463 808 2530 fere
853 2460 1026 2552 apud
1070 2472 1420 2549 utrumque
1466 2459 1803 2548 leguntur,
1855 2458 2047 2524 etiam
2091 2455 2198 2521 illa
2234 2452 2570 2544 phalangis
2616 2473 2763 2520 cum
2810 2451 3037 2520 ferro
3087 2450 3368 2537 (σίδηρος

479 2582 656 2667 Art.)
703 2581 840 2648 sive
885 2577 1171 2667 gladio
1221 2572 1526 2665 (μάχαιρα
1569 2573 1732 2657 Ael.)
1781 2572 2200 2660 comparatio.

695 2712 761 2768 In
797 2712 1116 2767 Arriano
1147 2708 1183 2780 ἦ
1215 2716 1326 2779 μέν
1361 2727 1429 2780 γε
1465 2707 1617 2779 τομὴ
1651 2703 1819 2775 αὐτὴ
1854 2719 1959 2776 pro
1993 2701 2205 2774 αὐτῷ,
2255 2705 2310 2758 in
2348 2686 2591 2759 Aeliano
2626 2700 2842 2776 βάρους
2876 2700 3232 2775 πρόσθεσιν
3268 2711 3369 2770 pro

624 2812 942 2887 πρόθεσιν
975 2808 1338 2891 scribendum
1377 2810 1480 2863 est.
3308 2842 3316 2849 .

716 2927 880 2995 Ael.
933 2924 1118 2993 xlv.
1157 2962 1228 2991 =
1256 2923 1433 2991 Arr.
1483 2946 1539 2991 c.
1581 2928 1663 2990 19
1711 2933 1777 2990 et
1821 2926 1906 2989 20
1951 2922 2016 2989 S.
2063 2944 2128 3011 p.
2162 2923 2425 2987 35—38
2468 2921 2541 2986 Β.
2598 2913 2879 3002 Τοιαύτη
2914 2954 2985 2965 -
3024 2910 3379 3001 παρέχεται.

485 3045 654 3112 Nota
699 3043 806 3109 illa
855 3041 937 3108 de
981 3043 1362 3108 sarissarum
1407 3040 1806 3129 longitudine
1853 3050 1914 3106 et
1960 3060 2083 3106 usu
2137 3036 2451 3111 doctriua,
2503 3056 2670 3124 quae
2714 3034 2938 3102 iisdem
2984 3035 3118 3101 fere
3163 3027 3374 3098 verbis

487 3168 550 3224 et
595 3156 768 3246 apud
810 3156 1150 3245 Polybium
1211 3157 1346 3244 jam
1414 3157 1647 3246 legitur
1699 3153 1969 3232 xv111‚
2037 3158 2333 3232 12—13‚
2372 3166 2444 3232 4,
2518 3166 2582 3223 et
2632 3156 2699 3221 in
2746 3156 3027 3220 Leonem
3074 3150 3213 3234 (Vl,
3265 3149 3370 3232 39)

486 3282 680 3359 atque
722 3272 789 3338 in
839 3272 1326 3340 Constantinum
1376 3274 1461 3362 (p.
1513 3274 1706 3359 1229)
1757 3273 2036 3348 transiit,
2089 3270 2169 3337 ab
2218 3283 2495 3360 utroque
2546 3269 2838 3338 similiter
2884 3270 3253 3359 exponitur,
3306 3280 3377 3335 ut

485 3387 670 3453 facile
713 3406 908 3473 quam
953 3388 1210 3475 vulgata
1254 3389 1412 3455 haec
1456 3389 1690 3456 fuerint
1736 3398 2066 3476 appareat.
2131 3393 2218 3456 At
2246 3409 2404 3455 vero
2438 3388 2647 3476 gravis
2695 3386 2797 3455 hic
2845 3388 3051 3454 oritur
3097 3385 3177 3453 de
3226 3406 3373 3453 vera

485 3504 866 3571 sarissarum
922 3503 1320 3591 longitudine
1367 3506 1700 3592 quaestio.
1791 3506 1870 3571 Et
1927 3504 2319 3571 recentiores
2383 3502 2640 3593 quidem
2703 3501 2957 3591 Polybii
3003 3515 3067 3569 et
3125 3501 3375 3569 Aeliani

485 3632 550 3687 et
595 3619 1091 3709 Byzantiuorum
1140 3619 1275 3702 (cfr.
1329 3630 1583 3705 praeter
1629 3619 1666 3685 l.
1720 3642 1778 3688 c.
1831 3622 2030 3687 Leon.
2084 3621 2158 3687 V.
2209 3625 2273 3687 3.
2322 3618 2658 3687 Constant.
2711 3640 2776 3707 p.
2832 3618 3024 3704 1212)
3072 3620 3375 3686 unanima

487 3734 851 3803 testimonia
895 3735 1099 3801 secuti
1120 3781 1140 3811 ,
1207 3733 1590 3824 quibuscum
1635 3736 1830 3803 etiam
1874 3736 2241 3823 Polyaenus
2289 3736 2379 3812 n,-
2422 3739 2532 3812 29,
2572 3743 2609 3795 2
2652 3732 2840 3812 facit,
2907 3735 3189 3803 sedecim
3235 3757 3373 3802 cu-

487 3849 655 3917 bito
674 3872 841 3917 rum
889 3850 1352 3938 longitudinem
1397 3852 1871 3941 praelongis
1916 3849 2349 3918 Macedonum
2397 3851 2657 3919 hastis
2715 3850 2872 3939 (Liv.
2905 3850 3265 3927 XXXVIII,
3309 3850 3369 3935 ’1)

489 3963 858 4032 adscribere
904 3986 1037 4032 non
1084 3964 1473 4033 dubitarunt.
1540 3966 1639 4033 Ab
1688 3967 1784 4033 his
1831 3966 2129 4034 omnihus
2177 3966 2445 4034 discedit
2473 3968 2785 4034 Arrianus
2831 3966 2892 4033 h.
2939 3966 3005 4042 l..
3054 3967 3165 4056 qui
3212 3987 3371 4034 cou-

500 4090 743 4150 stanter
785 4081 1028 4169 pedes
1073 4103 1196 4170 pro
1243 4081 1550 4149 cubitis
1596 4094 1661 4149 et
1705 4081 1963 4171 quidem
2011 4093 2243 4171 quater
2290 4080 2561 4169 (πόδας
2628 4080 2871 4168 ἐπεῖχεν
2913 4079 3245 4149 ἑκκαίδεκα
3292 4119 3375 4131 -

491 4195 672 4262 ποσὶ
715 4196 864 4263 δυσί
910 4235 991 4246 -
1039 4195 1104 4275 ἐς
1148 4194 1300 4263 δέκα
1327 4196 1578 4275 πόδας
1638 4234 1706 4250 -
1754 4196 2007 4278 πόδας
2064 4194 2230 4266 ὀκτώ
2268 4201 2371 4286 -)
2422 4200 2725 4267 nominat.
2816 4196 2965 4266 Jam
3020 4199 3073 4265 si
3120 4199 3213 4264 rei
3258 4171 3375 4264 ua-

492 4322 700 4380 turam
747 4327 1138 4401 spectamus,
1187 4311 1465 4381 sedecim
1513 4313 2005 4391 cubitorum,
2075 4314 2135 4381 h.
2184 4337 2244 4382 e.
2297 4316 2519 4403 viginti
2566 4324 2846 4402 quatuor
2890 4314 3209 4403 pedum,
3259 4312 3377 4381 ha-

490 4439 620 4496 stas
667 4427 847 4496 nullo
896 4429 1091 4495 modo
1136 4430 1222 4497 ita
1269 4428 1570 4497 fabricari
1614 4450 1842 4517 posse,
1894 4440 1964 4498 ut
2009 4430 2250 4499 habiles
2297 4441 2361 4499 et
2406 4430 2489 4498 ad
2536 4452 2725 4499 usum
2768 4431 3039 4501 idoneae
3071 4436 3369 4516 existant.

487 4543 873 4613 Ruestovius
908 4547 973 4613 in
997 4556 1220 4614 nostro
1255 4544 1420 4615 libro
1445 4546 1924 4615 demonstravit.
1976 4544 2214 4634 Neque
2249 4557 2358 4614 aut
2392 4546 2863 4615 Germanorum
2908 4560 3017 4617 aut
3038 4548 3375 4618 Helvetio-

485 4676 628 4724 rum
652 4658 904 4737 hastati,
931 4682 1095 4747 quos
1119 4661 1310 4728 nullis
1335 4662 1554 4752 clipeis
1577 4663 1692 4730 sed
1715 4662 2099 4751 longissimis
2126 4662 2321 4730 hastis
2347 4674 2592 4732 constat
2613 4685 2761 4732 usos
2786 4684 2951 4741 esse,
2982 4686 3203 4733 earum
3230 4666 3375 4732 lou-

493 4774 840 4863 gitudiuem
864 4798 1056 4868 supra
1095 4778 1272 4845 XVII
1297 4779 1494 4869 pedes
1528 4776 1973 4847 extenderunt.
2034 4775 2178 4845 Nec
2210 4800 2323 4846 eos
2355 4779 2638 4868 quidem,
2677 4781 2789 4869 qui
2811 4780 2997 4848 istam
3021 4780 3379 4850 doctrinam

491 4890 889 4961 tradiderunt
910 4940 928 4971 ,
1001 4915 1194 4982 quam
1259 4894 1650 4963 incredibilis
1698 4904 1865 4961 esset
1907 4892 2109 4962 latuit.
2201 4896 2372 4964 Dum
2432 4895 2605 4963 enim
2649 4893 2965 4965 Arrianus
3010 4908 3377 4966 constanter

2918 5008 2957 5065 2
