4400 5784
1638 421 2147 494 „49-

442 628 555 696 eina
585 627 935 718 Byzantina
983 623 1239 694 ὁπλῖται
1280 625 1399 712 μὲν
1450 664 1525 676 -—
1578 623 1997 713 σφενδόναις,
2043 649 2240 715 >quam
2268 627 2399 717 jam
2445 630 2510 696 in
2542 630 2786 696 dissert.
2837 652 2898 718 p.
2933 635 3017 698 22
3066 633 3339 720 explosi:

450 753 778 832 postremo
808 744 873 810 in
907 765 969 832 p.
1002 749 1129 812 599
1170 743 1297 812 fine
1324 743 1533 811 addita
1567 755 1661 810 eet
1694 743 1915 832 plaesii
1946 754 2009 810 et
2039 744 2370 831 oppositae
2395 746 2846 833 pepiegmenae
2889 747 3210 836 phalangis
3235 750 3344 816 de-

450 858 743 936 lineatio,
791 859 945 926 haec
991 860 1247 948 quidem
1291 881 1605 947 perquam
1653 857 1935 926 ridicula.
2015 855 2179 925 Cu·
2215 856 2506 926 Gesnero
2539 881 2806 947 prorsus
2837 863 3150 929 consentit
3195 867 3252 931 J.

630 972 707 1040 ln
751 972 811 1040 A
860 994 1014 1040 vero
1065 974 1217 1040 haec
1264 974 1401 1061 ipsa
1448 973 1648 1062 figura
1694 974 1903 1040 stetim
1949 983 2097 1060 post
2144 967 2635 1058 ηὖτρεπισμένοι
2677 976 3101 1063 conspicitur,
3146 979 3232 1044 ita
3277 993 3346 1044 ut

454 1089 697 1176 figurae
786 1088 1102 1176 adscripta
1148 1091 1227 1156 sit
1284 1088 1387 1155 ina
1429 1088 1717 1156 definitio
1762 1089 2072 1154 πλαίσιον
2121 1127 2199 1138 --
2251 1085 2549 1173 σχήματι,
2609 1089 2688 1155 de
2745 1111 2868 1178 qua
2918 1091 3050 1180 jam
3108 1091 3344 1160 dictum

452 1214 598 1283 est„
676 1202 837 1272 Tum
886 1224 1039 1271 vero
1076 1204 1137 1271 A
1185 1205 1418 1292 inipso
1468 1214 1649 1272 textu
1692 1204 2017 1290 itapergit
2060 1241 2149 1250 —
2194 1205 2484 1272 consulto
2517 1205 2732 1271 omnia
2781 1206 2926 1273 vitia
2959 1208 3192 1274 retinui
3223 1233 3342 1274 -ε

635 1324 761 1384 Δεῖ
813 1316 884 1384 δὲ
926 1315 1305 1403 γιγνώσκειν
1320 1369 1337 1396 ,
1394 1315 1494 1384 ὅτι
1545 1313 1709 1384 κατὰ
1766 1314 1887 1402 τὴν
1931 1313 2137 1384 αὐτοῦ
2183 1319 2711 1406 ἱστοριογραφίαν
2768 1322 2832 1387 οἱ
2873 1325 3050 1402 πεζοὶ
3087 1315 3348 1390 ὁπλῖται

456 1430 617 1518 μετὰ
660 1436 1011 1518 κλιβανιῶν
1055 1434 1172 1500 εἶσὶ
1224 1433 1335 1500 καὶ
1372 1434 1719 1500 κασσιδίων
1738 1483 1755 1508 ,
1801 1430 2228 1518 χειροψέλλων
2269 1434 2375 1500 καὶ
2419 1435 2920 1519 περικνημίδων,
2969 1434 3348 1523 ἐπιφερόμε·

455 1572 565 1614 νοι
608 1546 677 1614 δὲ
721 1549 829 1616 καὶ
874 1544 1147 1626 ἀσπίδας
1189 1544 1553 1634 εὐμεγέθεις
1570 1567 1585 1583 ·
1650 1548 1716 1614 οἱ
1758 1545 1829 1614 δὲ
1872 1548 2212 1614 πελτασταὶ
2255 1544 2414 1632 μετὰ
2459 1551 2774 1632 λωρικίων
2830 1553 2934 1618 καὶ
2979 1553 3344 1630 κασσιδίων,

460 1661 912 1749 ἐπιφερόμενοι
956 1661 1307 1748 σκουτάρια
1350 1659 1547 1748 μικρὰ
1590 1663 1698 1730 καὶ
1742 1659 2131 1748 σφενδόνας,
2179 1661 2366 1730 ἄλλοι
2409 1661 2480 1729 δὲ
2521 1660 2740 1731 ἀὐτῶν
2783 1667 2891 1732 καὶ
2932 1665 3288 1752 τρικούρι
3305 1693 3345 1733 α

456 1781 754 1868 δίστομα·
820 1780 884 1846 οἱ
949 1777 1021 1845 δὲ
1074 1776 1326 1859 τοξόται
1390 1775 1765 1862 ἐπιλούρικα
1826 1779 1935 1845 καὶ
1998 1775 2249 1864 ἐλαφρά
2311 1775 2760 1864 ἐπιφερόμενοι
2813 1779 2892 1848 τὰ
2951 1780 3350 1868 τοξοφάρετα

462 1891 679 1962 αὐτῶν
702 1915 716 1930 ·
782 1889 871 1972 ῶς
914 1891 1126 1971 αὕτως
1168 1893 1274 1960 καὶ
1321 1895 1385 1960 οἱ
1428 1890 1695 1960 ἱππόται
1737 1891 1893 1978 μετὰ
1938 1895 2255 1980 λωρικίων
2317 1894 2422 1962 καὶ
2468 1898 2869 1980 σκονταρίων
2913 1901 3199 1982 σμικρῶν
3242 1899 3350 1964 καὶ

458 2007 949 2096 τοξοφαρέτρων
990 2005 1227 2076 αὐτῶν.

642 2123 893 2204 Γνωσις
936 2127 1213 2211 σημείων
1257 2119 1534 2202 ὁπλίτων
1582 2124 1693 2208 (sic
1714 2127 1754 2208 Ι)
1821 2128 2029 2204 πεζῶν
2070 2149 2137 2192 τε
2180 2125 2290 2192 καὶ
2334 2126 2814 2212 καβαλλαρίων,
2861 2123 3022 2194 ἀλλὰ
3066 2125 3196 2212 μὴν
3241 2128 3348 2193 καὶ

460 2243 671 2320 ψιλῶν
712 2240 829 2308 καὶ
862 2244 1069 2321 πεζῶν
1091 2259 1106 2275 ·
1155 2237 1237 2306 τὰ
1282 2236 1352 2306 δέ
1394 2242 1664 2306 τοιαῦτα
1702 2241 1805 2307 δεῖ
1847 2237 1919 2306 ἐν
1960 2245 2101 2318 ταῖς
2146 2237 2421 2306 ὄπισθεν
2462 2237 2849 2326 παρατάξεσι
2893 2249 3137 2328 σημεῖα.

815 2357 1204 2445 (Sequuntur
1250 2357 1426 2443 signa
1472 2375 1619 2422 cnm
1664 2355 1930 2422 militum
1977 2354 2316 2442 generibus
2362 2376 2422 2442 p.
2471 2360 2512 2423 5
2561 2357 2992 2442 enumeratis.)

663 2467 955 2538 Ὅπλῖται
997 2469 1117 2556 μέν
1144 2474 1189 2557 “)
1260 2471 1419 2537 εἰσιν
1475 2471 1540 2537 οἱ
1591 2467 1699 2537 διὰ
1744 2465 2067 2556 θωράκων
2111 2469 2224 2536 καὶ
2265 2457 2526 2554 κρανῶν
2567 2471 2676 2537 καὶ
2717 2471 3190 2557 περικνημίδων
3245 2493 3349 2539 πε-

464 2585 835 2672 φραγμένοι
862 2588 913 2672 b)
938 2635 957 2662 ‚
1028 2579 1481 2671 ἐπιφερόμενοι
1550 2583 1623 2652 δὲ
1691 2586 1796 2652 καὶ
1853 2579 2145 2662 ἀσπίδας.
2180 2580 2547 2670 εὐμεγέθεις
2621 2590 2968 2671 σπιθαμῶν
3025 2583 3076 2668 ζ’
3124 2582 3171 2672 ἢ
3225 2593 3350 2654 θν-

466 2698 657 2784 ρεοὺς
700 2697 1026 2786 ἐπιμήκεις
1068 2700 1172 2767 καὶ
1219 2697 1461 2785 δόρατα
1506 2695 1653 2767 ῶσεὶ
1696 2689 1917 2786 πηχῶν
1962 2696 2040 2767 ιδ’
2051 2719 2068 2736 ·
2124 2701 2463 2766 πελτασταὶ
2506 2699 2577 2768 δὲ
2621 2703 2686 2767 οἱ
2725 2699 3162 2788 ἐλαφροτέραν
3203 2699 3350 2770 τού-

438 2840 597 2883 -των
641 2814 886 2904 ἔχοντες
932 2795 1227 2883 ὅπλισιν·
1287 2816 1353 2882 οἱ
1393 2813 1537 2882 ἀντὶ
1579 2813 1901 2900 θωράκων
1944 2816 2208 2898 λωρίκια
2249 2811 2295 2900 ἦ
2340 2813 2734 2903 ἐπιλωρίκια,
2783 2814 3090 2896 πολλάκις
3133 2817 3205 2886 δὲ
3243 2819 3355 2886 καὶ

468 2933 775 3010 κασσίδας
816 2929 1337 3017 περιβεβλημένοι
1364 2951 1380 2966 ·
1444 2927 1551 3000 διὸ
1594 2930 1697 2996 καὶ
1746 2931 1811 2998 οἱ
1852 2931 2111 3009 πλείους
2170 2927 2328 3014 μετὰ
2379 2934 2509 2996 τῶν
2564 2935 2774 3008 ψιλῶν
2816 2935 3024 3013 πεζῶν
3081 2931 3356 3012 τούτους

470 3047 706 3129 ἔταξαν
726 3067 740 3082 ·
807 3048 983 3126 ψιλοὶ
1014 3049 1061 3132 ⁶)
1128 3045 1198 3112 δὲ
1253 3047 1317 3113 οἱ
1371 3042 1573 3132 μηδὲν
1630 3042 1931 3131 τοιαύτης
1977 3039 2285 3124 ὁπλίσεως
2329 3044 2778 3133 ἐπιφερόμενοι
2798 3095 2816 3123 ,
2885 3045 3016 3114 ἄλλ’
3062 3044 3110 3134 ἢ
3151 3045 3357 3133 μόνον

468 3171 607 3241 τοῖς
650 3159 980 3248 μακρόθεν
1026 3160 1453 3247 πεμπομένοις
1518 3158 1847 3246 ἑκηβόλοις
1910 3157 2226 3246 χρώμενοι
2285 3159 2532 3238 ὅπλοις,
2597 3163 2662 3227 οἱ
2712 3160 2832 3246 μὲν
2873 3160 3113 3245 τόξοις,
3175 3165 3244 3230 οἱ
3283 3161 3358 3235 δὲ

477 3275 798 3355 ἀκοντίοις
818 3330 835 3357 ,
882 3279 948 3346 οἱ
989 3275 1060 3345 δὲ
1103 3274 1508 3363 σφενδόναις.

652 3391 921 3460 Easdem
967 3394 1485 3481 interpolationes
1532 3392 1719 3458 etiam
1764 3389 1823 3458 D
1843 3389 2085 3472 ΦΕΗ,
2131 3389 2244 3458 sed
2291 3413 2436 3458 cum
2467 3391 2562 3458 his
2599 3390 3058 3459 variationibus
3109 3405 3356 3462 tenent:

651 3506 728 3576 ln
773 3506 832 3575 D
882 3510 1093 3575 omnia
1152 3509 1253 3576 illa
1298 3509 1446 3576 inde
1491 3530 1527 3574 a
1570 3509 1670 3574 δεῖ
1710 3503 1779 3574 δέ
1820 3501 2197 3590 γιγνώσκειν
2239 3527 2444 3594 usque
2487 3506 2566 3572 ad
2611 3505 3102 3592 τοξοφαρέτρων
3145 3505 3360 3574 αὐτῶν

472 3624 538 3692 in
609 3624 895 3709 margine
966 3625 1197 3710 scripta
1272 3637 1419 3690 sunt
1439 3673 1456 3698 ,
1530 3622 1641 3690 sed
1711 3632 1774 3688 et
1828 3621 1947 3688 hac
2027 3607 2366 3708 praemissa
2429 3633 2604 3688 uota:
2671 3619 2882 3687 ἔπειτα
2938 3619 3056 3707 ἔχει
3101 3607 3162 3689 ἶ
3195 3601 3362 3708 ‹pt-²²

474 3735 762 3824 ἅστρεφα
830 3739 893 3822 (i.
972 3761 1027 3806 e.
1088 3737 1213 3823 ἔχει
1268 3735 1355 3804 στ’
1420 3735 1637 3822 φύλλα
1690 3733 1973 3822 ἄγραφα)
2036 3736 2143 3802 καὶ
2195 3732 2340 3801 τότε
2393 3732 2650 3821 ἄρχεται
2717 3735 3020 3804 ἐντεῦθεν
3034 3789 3052 3818 ,
3123 3747 3188 3804 et
3248 3738 3364 3805 hac

474 3855 857 3942 postposita:
903 3848 1061 3937 μετὰ
1103 3855 1305 3919 ταῦτα
1335 3848 1654 3937 σχήματος
1694 3848 1891 3928 τόπος
1961 3851 2021 3936 (i.
2068 3873 2125 3918 e.
2174 3862 2393 3938 postea
2438 3852 2707 3938 spatium
2755 3864 2852 3918 est
2904 3853 2970 3920 in
3017 3853 3362 3942 archetypo

476 3967 720 4056 figurae
763 3967 1172 4034 delineandae
1217 3965 1654 4052 destinatum),
1712 3961 1848 4034 εἶτα
1909 3962 2204 4051 ἅρχεταιε
2277 3960 2531 4033 ὁπλῖται
2583 3963 2702 4050 μὲν
2747 3955 2870 4032 οὖν
2926 3967 3088 4033 εἰσὶν
3141 3969 3206 4034 οἱ
3255 3965 3362 4035 διὰ

479 4080 753 4169 θώρακα
794 4082 901 4149 καὶ
944 4079 1025 4148 τὰ
1070 4079 1244 4167 ἑξῆς,
1289 4080 1519 4171 quibus
1566 4080 1773 4148 verbis
1818 4080 2124 4150 docemur
2170 4081 2332 4148 hanc
2376 4095 2756 4168 postremam
2788 4081 3057 4149 feturam
3078 4131 3095 4156 ,
3146 4105 3363 4172 quem-

480 4219 671 4286 quam
714 4199 779 4266 in
825 4195 883 4264 D
932 4199 1055 4290 ipsi
1099 4199 1305 4266 textui
1349 4198 1622 4270 illatam,
1684 4195 1975 4285 ejusdem
2019 4217 2159 4264 esse
2218 4195 2476 4266 farinae.
2593 4193 2765 4264 Hinc
2822 4209 2886 4264 et
2941 4207 3216 4286 utraque
3269 4200 3364 4270 iu·

483 4313 819 4402 terpolatio
880 4312 1177 4384 transfixa
1226 4324 1322 4380 est
1374 4310 1625 4400 adjecta
1672 4322 1855 4380 nota:
1914 4315 2117 4378 ταῦτα
2158 4307 2372 4378 πάντα
2418 4306 2540 4378 οὐκ
2585 4313 2744 4379 εἰσὶν
2787 4311 2858 4378 ἐν
2899 4317 2992 4404 τῷ
3034 4317 3214 4399 γαξῆ.

664 4427 742 4496 ln
779 4433 843 4494 Φ
890 4438 1159 4517 uterque
1191 4429 1367 4495 locus
1413 4428 1477 4493 in
1524 4427 1665 4515 ipso
1698 4437 1887 4496 textu
1918 4427 2180 4512 legitur,
2233 4428 2450 4514 parvis
2488 4427 2752 4515 singulis
2795 4428 3142 4496 intervallis
3187 4431 3366 4517 prior

478 4541 561 4609 ab
593 4543 1126 4618 antecedentibus,
1163 4542 1481 4630 posterior
1512 4565 1547 4609 a
1580 4543 1795 4631 priore
1824 4553 2189 4630 separatum
2235 4542 2347 4608 sed
2385 4540 2571 4630 juxta
2603 4553 2948 4632 utrumqne
2978 4543 3140 4611 linea
3169 4543 3368 4610 rubra

479 4660 546 4724 in
604 4660 887 4746 margine
952 4657 1139 4724 ducta
1204 4670 1298 4723 est
1357 4658 1449 4723 his
1509 4657 1733 4725 additis
1797 4656 2039 4724 verbis:
2096 4653 2176 4723 τὰ
2223 4653 2501 4741 ἑπόμενα
2565 4654 2687 4724 οὐκ
2731 4659 2889 4725 εἰσὶν
2937 4661 3271 4726 Αίλιανοῦ.

696 4903 749 4976 ⁸)
820 4900 918 4970 μὲν
953 4891 1055 4957 οὖν
1094 4906 1269 4970 vulgo.
1483 4889 1539 4969 ¹’)
1609 4901 2099 4972 περιπεφραγμένοι
2139 4907 2316 4973 vulgo.
2529 4906 2581 4975 ⁶)
2653 4906 2794 4962 διλοι
2829 4905 2988 5049 (αἰξί)
3026 4914 3088 4960 Α.
