4400 5784
1647 596 2148 665 ...11-

467 804 618 868 sima
663 802 1164 889 fragmentorum
1197 799 1646 870 historicorum
1695 802 2094 881 collectione,
2143 824 2305 889 quae
2350 802 2586 889 prodiit
2629 801 2799 890 apud
2832 800 3186 880 Didotium,
3222 800 3344 879 ΠΙ,

458 940 522 1004 p.
569 922 698 983 665
719 971 734 994 ,
785 938 930 984 cum
975 916 1189 1003 paullo
1241 918 1485 985 cautius
1529 916 1854 985 Fabricius
1898 917 2184 985 biblioth.
2234 917 2345 984 Gr.
2394 916 2487 998 11,
2544 939 2607 1005 p.
2658 922 2742 985 54
2804 918 2885 985 de
2929 939 3008 983 eo
3054 918 3345 983 adnotas-

461 1045 586 1099 set:
657 1032 822 1113 „Sed
865 1032 1062 1107 alius,
1135 1035 1243 1120 qui
1289 1033 1410 1101 sub
1456 1034 1855 1101 Diocletiano
1899 1035 2062 1101 vixit
2108 1046 2172 1101 et
2216 1034 2360 1123 ejus
2402 1056 2509 1099 res
2552 1034 2955 1120 consignasse
3004 1032 3263 1098 videtu
3280 1056 3343 1112 r,

460 1162 530 1219 ut
573 1149 994 1237 conjicere
1066 1148 1256 1215 licet
1319 1172 1356 1215 e
1400 1148 1740 1237 Vopisc0.«
1857 1148 2014 1216 Sine
2059 1149 2254 1217 dubio
2298 1148 2789 1236 Asclepiodotus
2844 1149 2953 1214 ille
3010 1170 3141 1215 non
3185 1150 3343 1213 alius

461 1278 554 1330 est
597 1277 790 1351 atque
833 1264 886 1328 is
906 1315 922 1342 ,
999 1284 1188 1351 quem
1233 1264 1408 1331 idem
1455 1261 1770 1351 Vopiscus
1815 1263 2014 1333 Prob.
2061 1268 2148 1331 22
2216 1286 2361 1332 cum
2405 1262 2807 1331 Diocletiano
2870 1276 2933 1330 et
2990 1265 3123 1329 aliis
3178 1267 3345 1329 inter

459 1381 1036 1467 »praeclarissimos
1103 1379 1340 1445 duces«
1406 1394 1722 1446 memorat
1785 1402 1909 1446 »ex
1955 1362 2152 1447 Probi
2197 1380 2523 1467 disciplina
2572 1382 2929 1455 institutos,
3000 1399 3160 1467 quos
3222 1386 3339 1465 pa*-

458 1509 664 1573 tres«‚
733 1497 970 1583 inquit,
1045 1497 1291 1561 »nostri
1349 1496 1558 1561 mirati
1615 1508 1822 1563 sunt«
1918 1495 2090 1562 Hinc
2133 1495 2523 1581 probabilius
2570 1496 2848 1569 videtur,
2910 1497 3341 1561 testimonium

464 1610 619 1677 illud
673 1611 1114 1697 Asclepiodoti
1171 1632 1298 1677 non
1357 1632 1438 1675 ex
1495 1612 1710 1700 aliquo
1767 1612 1906 1701 ejus
1963 1612 2243 1695 scripto,
2306 1611 2417 1677 sed
2472 1632 2555 1675 ex
2608 1612 2753 1697 ipso
2804 1612 2983 1677 ducis
3050 1632 3345 1677 sermone

462 1728 720 1812 petitum
769 1748 930 1792 esse.
1043 1726 1410 1801 Postremo,
1461 1747 1542 1792 ne
1587 1728 1728 1815 quis
1775 1726 2062 1815 eJ‘usdem
2115 1727 2385 1794 nominis
2432 1726 2855 1799 desideretur,
2904 1724 3343 1812 Asclepiodoti

463 1844 676 1907 nescio
735 1843 926 1931 cujus
986 1842 1136 1909 illud
1205 1842 1414 1909 fertur
1469 1843 1887 1929 epigramma,
1959 1842 2133 1930 quod
2212 1840 2611 1922 „Memnonis
2679 1841 2929 1907 colosso
2998 1862 3121 1906 una
3194 1862 3339 1909 cum

463 1960 742 2023 auctoris
787 1958 1044 2023 nomine
1085 1958 1508 2044 insculptum«
1557 1971 1620 2024 et
1667 1981 1703 2023 a
1751 1956 2087 2025 Pocockio
2133 1959 2409 2043 primum
2458 1956 2695 2023 editum
2750 1978 2919 2022 nunc
2974 1958 3037 2020 in
3085 1957 3333 2021 Anthol.

461 2072 596 2137 Pal.
647 2072 933 2159 Append.
989 2078 1068 2138 16
1117 2073 1370 2159 legitur.
1431 2072 1442 2083 ’

637 2186 734 2254 Ex
782 2189 874 2254 bis
923 2188 1396 2276 Asclepiodotis
1453 2190 1602 2256 mibi
1665 2188 1922 2276 quidem
1985 2190 2094 2255 vix
2139 2188 2415 2255 dubitari
2461 2208 2649 2275 posse
2706 2186 2955 2253 videtur
3017 2190 3169 2273 quin
3216 2188 3345 2272 pri-

463 2325 600 2369 mus
641 2304 772 2378 ille,
824 2302 1160 2370 Posidonii
1209 2304 1494 2384 auditor,
1545 2305 1742 2370 nostri
1788 2303 1982 2371 libelli
2029 2315 2257 2370 auctor
2301 2302 2625 2369 habendus
2670 2303 2767 2368 sit.
2869 2300 3335 2368 Percommode

461 2421 622 2485 enim
668 2418 936 2493 accidit,
983 2420 1156 2508 quod
1203 2422 1342 2507 ipse
1390 2419 1772 2487 Posidonius
1815 2420 1896 2485 ab
1939 2418 2211 2485 Aeliano
2262 2441 2317 2485 c.
2352 2424 2383 2485 1
2436 2420 2601 2485 inter
2645 2417 2989 2503 scriptores
3034 2418 3335 2483 militares

457 2548 830 2601 recensetur
875 2534 970 2601 bis
1017 2533 1264 2602 verbis:
1315 2530 1354 2600 ὅ
1397 2532 1470 2601 δὲ
1512 2531 1780 2611 στωικὸς
1811 2532 2245 2611 Ποσειδώνιος
2287 2534 2389 2599 καὶ
2436 2530 2663 2618 τέχνην
2690 2529 2993 2617 τακτικὴν
3036 2530 3336 2617 ἔγραψεν,

457 2651 518 2715 id
565 2652 739 2738 quod
789 2652 1002 2736 paullo
1047 2652 1408 2718 accuratius
1451 2652 1518 2716 in
1562 2648 1874 2716 Arrianea
1921 2650 2295 2717 recensione
2342 2649 2463 2715 boc
2508 2649 2703 2715 modo
2750 2650 3044 2716 traditur:
3108 2650 3337 2713 Ποσει-

456 2763 692 2842 δώνιος
737 2764 810 2831 δὲ
854 2760 890 2830 ὁ
930 2760 1190 2843 Ῥόδιος
1243 2765 1352 2831 καὶ
1393 2763 1620 2851 τέχνην
1670 2764 1818 2831 τινὰ
1859 2762 2164 2851 τακτικὴν
2206 2762 2584 2851 &modums-
2635 2762 3087 2843 κατέλιπεν,
3158 2764 3331 2850 quod

459 2882 726 2947 verbum
773 2882 938 2947 baud
985 2882 1118 2948 scio
1165 2904 1244 2947 an
1291 2883 1374 2947 ita
1421 2880 1800 2968 capiendum
1844 2882 1958 2960 sit,
2013 2894 2084 2948 ut
2131 2882 2507 2949 Posidonius
2553 2882 2883 2969 scripsisse
2922 2880 3177 2968 quidem
3236 2880 3333 2944 di·
3444 2968 3449 2973 ⁸

464 3008 674 3070 catur,
743 3018 858 3064 nec
905 3008 1116 3063 tamen
1177 3000 1312 3085 ipse
1367 2996 1640 3063 edidisse
1684 3007 1888 3062 artem
1945 3017 2124 3063 suam
2189 2997 2513 3079 tacticam,
2582 3018 2771 3085 quam
2816 2996 3097 3063 relictam
3143 2994 3334 3061 edere

467 3113 671 3197 potuit
715 3112 1222 3200 Asclepiodotus.
1331 3110 1526 3178 Certe
1578 3134 1724 3178 eum
1787 3114 1852 3177 in
1908 3112 2158 3199 scriptis
2216 3114 2345 3179 suis
2400 3135 2437 3178 a
2490 3122 2911 3199 praeceptore
2963 3110 3337 3199 pependisse

467 3227 734 3292 sortasse
777 3228 940 3295 baud
983 3230 1200 3314 inepte
1245 3248 1328 3293 ex
1373 3224 1658 3294 Senecae
1703 3228 1850 3293 l.·c.
1898 3227 2313 3301 concluseris,
2372 3227 2483 3293 ubi
2531 3249 2677 3295 cum
2724 3227 2959 3313 legitur
3020 3227 3099 3292 de
3145 3238 3335 3291 vento

465 3366 500 3406 e
546 3356 748 3409 terrae
791 3354 972 3429 parte
1017 3356 1196 3409 motu
1241 3343 1494 3430 dirupta
1542 3342 1805 3411 fluente:
1878 3342 2088 3429 »apud
2133 3340 2657 3432 Asclepiodotum
2704 3342 2985 3408 invenies
3005 3393 3021 3417 ,
3090 3341 3341 3408 andito-

461 3479 593 3523 rem
640 3456 1000 3533 Posidonii,
1045 3460 1112 3524 in
1160 3460 1255 3525 bis
1299 3459 1452 3545 ipsis
1497 3460 1940 3547 quaestionum
1987 3458 2367 3525 naturalium
2422 3458 2700 3533 nausiam
2752 3457 3003 3525 videtur
3048 3478 3200 3522 sane
3245 3458 3340 3521 in-

459 3576 596 3647 nui,
663 3575 832 3640 illam
894 3575 1239 3641 naturalem
1309 3575 1818 3641 observationem
1881 3574 1962 3639 ab
2016 3572 2469 3661 Asclepiodoto
2524 3596 2604 3640 ex
2666 3574 2946 3659 magistri
3003 3594 3118 3638 ore
3175 3573 3329 3637 bau-

455 3702 614 3755 stam
659 3710 818 3755 esse.

631 3804 756 3873 Sed
810 3819 1136 3892 utcunque
1180 3806 1261 3871 de
1305 3816 1568 3873 auctore
1612 3804 1807 3871 libelli
1849 3806 2176 3879 statuitur,
2224 3806 2278 3870 si
2320 3806 2517 3892 ipsius
2563 3806 2873 3871 rationem
2917 3814 3109 3891 atque
3154 3802 3333 3869 indo-

455 3921 575 3985 lem
623 3930 1004 4007 spectamus,
1055 3920 1356 3987 conveuit
1397 3920 1486 3987 illi
1533 3929 1596 3985 et
1638 3920 1706 3985 in
1751 3920 1948 3989 rebus
1993 3932 2060 3985 et
2101 3922 2166 3986 in
2213 3921 2573 3987 nominibus
2620 3920 2963 4008 verbisque
3010 3929 3074 3985 et
3116 3921 3185 3985 in
3232 3940 3338 3983 or-

459 4036 604 4101 dine
649 4035 781 4101 fere
827 4055 972 4102 cum
1016 4033 1298 4101 Arriano
1343 4046 1408 4101 et
1454 4035 1758 4111 Aeliano,
1806 4035 1890 4101 ita
1939 4047 2175 4113 tamen,
2224 4049 2294 4102 ut
2338 4037 2661 4124 propriam
2708 4036 3063 4121 argumenti
3112 4045 3343 4101 tracta-

460 4152 696 4217 tionem
742 4153 1050 4219 constanti
1095 4152 1284 4219 uuius
1329 4150 1604 4217 bominis
1659 4150 1904 4239 judicio
1950 4163 2306 4239 susceptam
2350 4172 2798 4239 agnoscamus,
2870 4174 3041 4240 quae
3085 4152 3342 4236 integra

459 4278 652 4355 atque
693 4269 938 4333 sincera
985 4277 1050 4333 et
1075 4266 1674 4353 interpolationibus
1721 4277 1784 4332 et
1813 4267 2050 4335 lacunis
2099 4266 2297 4333 libera
2342 4268 2421 4333 ad
2454 4289 2571 4334 nos
2612 4267 2995 4355 pervenerit.
3086 4264 3345 4333 Etenim

457 4393 686 4448 auctor
732 4403 994 4469 operam
1038 4381 1246 4458 dedit,
1313 4392 1386 4449 ut
1429 4375 1726 4449 omnihus
1780 4394 1890 4449 aut
1934 4384 2241 4450 orationis
2286 4383 2670 4449 ornamentis
2716 4393 2826 4449 aut
2874 4380 3187 4448 historicis
3236 4380 3349 4445 ad-

457 4497 812 4564 ditamentis
878 4508 988 4567 aut
1032 4496 1358 4585 praefandi
1423 4496 1846 4564 interfandive
1907 4498 2279 4587 ambagibus
2344 4498 2643 4565 detractis
2696 4498 2829 4585 ipsa
2888 4508 3127 4563 tantum
3188 4497 3345 4561 artis

453 4624 788 4701 praecepta
832 4612 1112 4680 breviter
1165 4624 1230 4679 et
1271 4614 1594 4683 succincte
1645 4615 2241 4702 comprehenderet;
2288 4612 2635 4683 lectoribus
2676 4632 2831 4679 vero
2876 4633 3055 4677 suam
3102 4611 3343 4678 doctri-

461 4752 602 4796 nam
653 4743 716 4798 et
761 4728 924 4797 bene
967 4729 1410 4817 distinguendo
1459 4742 1522 4796 et
1569 4728 1810 4815 figuras
1856 4752 1894 4796 e
1935 4730 2132 4797 literis
2177 4729 2649 4819 componendo,
2716 4728 2827 4795 ubi
2875 4749 3037 4816 opus
3099 4726 3345 4794 videre·-
3406 4812 3433 4833 s

464 4856 602 4921 tur,
649 4846 1010 4913 illustraret.
1101 4844 1182 4911 Et
1211 4844 1364 4914 illud
1397 4828 1658 4934 quidem
1709 4858 1934 4932 argute
1977 4846 2295 4913 interdum
2342 4846 2552 4933 potius
2598 4866 2789 4933 quam
2818 4852 3005 4911 acute
3050 4843 3341 4923 instituit,
