4400 5784
566 1325 755 1407 Quae
800 1325 881 1390 de
908 1324 1084 1392 libris
1134 1326 1375 1392 tacticis
1405 1324 1664 1391 Arriani
1710 1333 1775 1391 et
1802 1324 2052 1392 Aeliani
2094 1325 2348 1390 nomine
2384 1325 2698 1412 inscriptis
2743 1324 3074 1411 superiore
3103 1345 3268 1390 anno

364 1443 743 1527 proposui,
810 1463 882 1508 ea
929 1462 1116 1530 quam
1166 1461 1311 1507 vera
1357 1439 1623 1516 fuerint,
1689 1461 1860 1506 nunc
1904 1440 2159 1507 demum
2201 1439 2482 1508 intellexi
2530 1439 2788 1507 uberius
2835 1450 3071 1507 nactus·
3099 1440 3272 1505 criti-

361 1577 533 1622 cum
585 1557 1094 1624 instrumentum.
1190 1555 1503 1624 Absoluta
1548 1556 1714 1622 enim
1760 1577 1799 1622 a
1843 1551 2197 1622 Ruestovio
2242 1567 2307 1622 et
2349 1576 2453 1621 me
2493 1555 2596 1621 illa
2640 1556 2737 1620 rei
2783 1553 3070 1621 militaris
3101 1555 3270 1641 apud

366 1671 679 1739 Graecos
725 1672 988 1740 historia
1006 1720 1023 1746 ,
1078 1693 1266 1760 quam
1329 1672 1691 1739 militarium
1756 1691 1888 1737 non
1948 1672 2155 1737 minus
2212 1671 2494 1738 virorum
2554 1691 2743 1758 quam
2800 1670 3268 1757 philologorum

368 1788 621 1874 plausu
667 1799 999 1876 exceptam
1045 1809 1185 1856 esse
1216 1787 1563 1873 gaudemus
1614 1825 1691 1836 --
1742 1785 1909 1853 haud
1954 1787 2161 1874 ignari
2202 1797 2418 1853 tamen
2477 1786 2678 1873 prima
2717 1796 2962 1852 tantum
3007 1808 3043 1850 a
3090 1783 3270 1850 nobis

372 1904 568 1990 jacta
612 1925 751 1971 esse
794 1905 1197 1972 fundamenta
1244 1941 1361 1978 —,
1428 1891 1665 1990 operae
1723 1902 1997 1991 pretium
2060 1923 2177 1968 nos
2231 1901 2514 1968 facturos
2568 1900 2853 1967 arbitrati
2897 1922 3148 1974 sumus,
3220 1901 3274 1966 si

376 2021 663 2086 selectos
726 2019 1034 2108 quosdam
1079 2017 1363 2086 Graecae
1423 2019 1682 2086 militiae
1740 2028 2034 2086 auctores
2099 2019 2250 2085 item
2318 2014 2596 2098 „viribus
2641 2017 2870 2082 unitis«
2937 2014 3271 2082 ederemus

379 2137 478 2201 ita
498 2187 517 2212 ‚
562 2145 637 2234 ut
682 2135 875 2202 verba
922 2155 1145 2201 eorum
1192 2155 1321 2200 non
1366 2145 1609 2202 tantum
1658 2133 2052 2202 emendatius
2099 2131 2440 2220 repetenda
2469 2153 2840 2200 curaremus
2862 2183 2878 2206 ,
2923 2130 3033 2197 sed
3083 2132 3267 2198 etiam

378 2252 911 2337 interpretatione
955 2251 1293 2317 vernacula
1342 2261 1534 2338 atque
1579 2249 2049 2318 commentariis
2111 2247 2190 2315 ad
2235 2269 2338 2315 res
2381 2249 2550 2336 ipsas
2618 2249 2892 2315 maxime
2935 2249 3273 2336 spectanti-

380 2367 513 2434 bus
556 2365 1031 2434 illustraremus.
1126 2365 1334 2449 Quem
1382 2375 1671 2432 nostrum
1718 2364 2003 2432 laborem
2048 2385 2379 2452 speramus
2425 2363 2680 2452 quidem
2737 2362 2903 2430 baud
2949 2365 3269 2450 ingratum

379 2483 533 2549 fore
576 2483 979 2549 corollarium
1024 2483 1137 2557 iis,
1189 2483 1299 2570 qui
1344 2500 1559 2549 rerum
1608 2503 1645 2548 a
1693 2479 1877 2547 nobis
1921 2481 1989 2546 in
2018 2479 2129 2547 illo
2160 2478 2324 2546 libro
2370 2480 2804 2567 expositarum
2849 2477 3269 2547 difficiliorem

380 2609 640 2685 partem
684 2600 1039 2666 accuratius
1094 2609 1285 2687 atque
1348 2620 1430 2664 ex
1488 2599 1639 2683 ipsis
1682 2595 1965 2664 fontibus
2022 2615 2411 2682 cognoscere
2471 2597 2755 2681 cupiant;
2825 2594 2936 2660 sed
2996 2594 3269 2662 eundem

384 2726 713 2803 tamquam
783 2715 1102 2782 aemulum
1164 2733 1492 2802 opponere
1559 2712 1977 2800 amplissimae
2034 2710 2401 2778 militarium
2464 2711 2848 2797 scriptorum
2895 2709 3272 2784 collectioni,

388 2851 586 2918 quam
631 2851 713 2896 ex
756 2830 953 2916 longo
998 2828 1130 2917 jam
1178 2840 1467 2916 tempore
1527 2850 1565 2895 a
1608 2825 2025 2895 Friderico
2072 2827 2363 2894 Haasio
2419 2827 2626 2913 parari
2691 2837 2968 2900 constat,
3029 2836 3269 2892 tantum

391 2947 577 3012 abest
620 2957 693 3012 ut
722 2947 1106 3032 cogitemus,
1152 2956 1225 3011 ut
1264 2945 1331 3011 in
1363 2966 1437 3012 re
1481 2943 1665 3010 simili
1710 2941 2032 3010 tractanda
2080 2941 2440 3008 dissimilior
2481 2942 2646 3008 ratio
2693 2941 3040 3028 excogitari
3073 2944 3273 3029 possit

394 3064 509 3128 vix
552 3062 699 3128 ulla.
789 3060 905 3128 Ille
951 3065 1182 3128 etenim
1211 3059 1259 3144 ”)
1322 3058 1524 3127 libros
1569 3079 1789 3126 omnes
1834 3057 2119 3126 Graecos
2162 3053 2584 3153 Latinosque,
2649 3043 2758 3146 qui
2802 3068 2949 3122 sunt
3006 3055 3088 3122 de
3133 3058 3274 3123 uni-

400 3197 582 3242 versa
626 3187 765 3243 arte
810 3175 1058 3243 militari
1106 3197 1307 3264 usque
1352 3176 1430 3242 ad
1476 3196 1642 3242 saec.
1692 3171 1824 3242 XV
1866 3173 2123 3262 scripti,
2188 3194 2271 3239 ex
2331 3171 2509 3238 libris
2553 3172 2802 3259 scriptis
2847 3183 2912 3239 et
2954 3172 3273 3259 impressis

402 3292 873 3378 diligentissime
915 3291 1307 3379 conquisitos
1350 3311 1585 3357 novem
1629 3289 2057 3358 voluminibus
2124 3287 2398 3370 „doctis,
2444 3289 2720 3375 Jupiter,
2789 3296 2853 3353 et
2896 3287 3270 3354 laboriosis«

398 3406 969 3494 comprehensurus
1014 3417 1110 3474 est
1150 3407 1270 3481 ita,
1318 3417 1391 3473 ut
1435 3406 1774 3495 ampliores
1819 3405 2256 3473 commentarii
2303 3405 2379 3470 iis
2425 3411 2668 3470 tantum
2713 3401 3134 3490 scriptoribus
3163 3401 3275 3468 ad-

395 3522 655 3600 dantur,
702 3520 932 3611 quibus
974 3521 1109 3612 jam
1140 3523 1305 3589 olim
1350 3533 1787 3604 accesserunt,
1854 3523 1924 3589 in
1968 3521 2230 3609 reliquis
2277 3519 2427 3586 nihil
2475 3517 2816 3608 adjiciatur
2861 3529 3118 3607 praeter
3163 3519 3274 3583 ad-

392 3639 780 3706 notationem
826 3637 1135 3714 criticam,
1204 3635 1465 3705 Graecis
1522 3647 1733 3704 tamen
1792 3635 2210 3725 scriptoribus
2254 3635 2696 3722 interpretatio
2761 3634 2946 3701 latina
2992 3633 3267 3700 accedat.

390 3751 534 3820 Nos
580 3763 799 3822 contra
847 3773 954 3828 eo,
1010 3773 1201 3842 quem
1256 3773 1448 3842 supra
1494 3751 1659 3833 dixi,
1725 3751 1919 3821 modo
1982 3749 2258 3818 edendos
2319 3767 2438 3817 eos
2480 3761 2726 3818 tantum
2773 3757 3066 3816 auctores
3113 3749 3272 3814 sele·

389 3871 633 3956 gimus,
688 3871 826 3959 qui,
872 3890 1018 3936 cum
1065 3891 1217 3937 usus
1265 3889 1497 3937 eorum
1538 3869 1607 3935 in
1656 3866 2103 3954 cognoscenda
2148 3887 2225 3934 re
2257 3863 2656 3933 Graecorum
2705 3865 2958 3932 militari
3001 3865 3082 3930 sit
3129 3866 3264 3932 exi-

392 3986 587 4058 mius,
636 3995 842 4052 tamen
875 3967 1191 4052 difficilius
1236 3996 1300 4052 et
1331 3992 1641 4073 parantur
1685 3994 1749 4050 et
1778 3983 2239 4070 intelliguntur.
2329 3979 2555 4071 ltaque
2598 3982 2848 4048 omissis
2878 3979 3274 4068 Xenophon-

394 4103 473 4166 tis
516 4098 739 4168 libellis
802 4099 1059 4168 utilibus
1118 4098 1374 4189 quidem
1438 4097 1549 4166 sed
1606 4096 1845 4187 ubique
1904 4095 2141 4174 obviis,
2200 4097 2459 4186 rejectis
2519 4097 2708 4164 etiam
2761 4093 3050 4163 inanibus
3097 4097 3275 4164 Ono-

390 4214 601 4282 sandri
644 4217 1033 4304 praeceptis.
1092 4213 1317 4302 ineptis
1360 4214 2013 4301 strategematicorum
2074 4211 2424 4280 historiolis
2489 4211 3076 4301 loquacissimisque
3146 4209 3270 4300 By-

393 4319 787 4398 zantinorum
842 4332 1026 4418 nugis
1042 4381 1058 4406 ,
1129 4329 1379 4398 dnobus
1442 4331 1589 4396 satis
1655 4328 1987 4397 habuimus
2053 4328 2290 4396 modici
2335 4327 2609 4394 ambitus
2666 4326 3092 4394 voluminibus
3162 4349 3273 4394 eos

530 4675 577 4745 ⁸)
648 4674 791 4733 Vide
824 4679 955 4748 ejus
994 4677 1095 4734 »de
1130 4677 1455 4734 militarium
1490 4675 1827 4749 scriptorum
1866 4673 2213 4732 Graecorum
2271 4679 2330 4732 et
2365 4673 2694 4732 Latinorum
2727 4633 2980 4730 omnium
3019 4673 3272 4728 editione

391 4773 769 4830 instituenda·
806 4774 1215 4841 narrationem,
1265 4789 1373 4847 qua
1410 4775 1647 4831 orationi
1681 4775 1930 4831 muneris
1964 4773 2302 4844 suscipiendi
2347 4788 2516 4830 causa
2568 4785 2598 4828 a
2635 4787 2698 4828 se
2736 4771 3031 4828 habendae
3067 4771 3264 4840 prolu—

388 4871 461 4926 sit
496 4869 789 4940 (Bet-elini.
830 4870 1029 4942 1847„
1064 4873 1319 4944 inprimis
1356 4885 1503 4944 quae
1542 4887 1597 4942 p.
1634 4869 1673 4926 4
1706 4886 1829 4942 sqq.
1866 4873 2149 4944 exposuit.
