4400 5784
2211 623 2666 693 -4-

1164 831 1388 914 ltaque
1436 849 1582 893 enm
1622 827 1759 916 jam
1818 827 2061 893 dudum
2122 826 2583 895 intellexissem
2643 829 2816 894 hunc
2861 829 3258 916 antiquitatis
3306 828 3589 895 Graecae
3637 838 3700 892 et
3743 828 3879 894 Ro-

988 965 1216 1010 manae
1265 943 1484 1009 locum
1531 943 1584 1008 si
1632 964 1823 1030 quem
1870 943 2064 1008 alium
2114 964 2287 1010 novo
2336 942 2559 1010 labore
2604 943 2950 1030 studioque
3011 954 3074 1010 et
3121 955 3416 1030 egentem
3465 955 3525 1008 et
3575 963 3730 1008 vero
3777 941 3875 1008 di-

980 1081 1175 1146 gnum
1232 1079 1409 1134 esse,
1483 1079 1586 1124 me
1642 1055 1849 1124 solum
1915 1071 2127 1124 tamen
2192 1072 2460 1146 propter
2521 1061 2616 1125 rei
2668 1060 2979 1126 inscitiam
3037 1061 3095 1125 ei
3141 1060 3326 1148 operi
3371 1060 3685 1146 imparem
3733 1078 3876 1124 esse

984 1174 1190 1263 probe
1234 1174 1544 1241 intellexi.
1621 1175 1702 1240 Et
1744 1166 2039 1262 profecto
2086 1175 2432 1262 perpaucis
2465 1185 2709 1240 tantum
2748 1173 2940 1262 hujus
2987 1175 3292 1263 temporis
3339 1173 3682 1261 philologis
3715 1195 3874 1240 con-

972 1292 1146 1378 tigit.
1197 1305 1269 1357 ut
1314 1311 1530 1356 rerum
1578 1291 1819 1378 pariter
1864 1291 2057 1376 atque
2103 1291 2440 1376 utriusque
2484 1289 2742 1376 linguae
2788 1289 2974 1378 gnari
3019 1289 3103 1356 ad
3130 1289 3546 1376 explicandas
3593 1290 3874 1376 antiqui-

978 1419 1141 1474 tates
1174 1406 1520 1472 accedant:
1558 1427 1723 1493 quos
1754 1406 1921 1472 inter
1952 1405 2137 1493 quasi
2168 1406 2372 1472 solem
2406 1404 2662 1472 elucere
2703 1425 3028 1472 summum
3059 1403 3544 1481 Boeckhium
3577 1405 3722 1492 quis
3753 1427 3873 1472 ne-

978 1524 1133 1602 scit,
1206 1523 1455 1588 etiamsi
1498 1523 1677 1610 ipsa,
1729 1541 1899 1608 quae
1942 1520 2051 1586 ille
2096 1521 2464 1588 doctissime
2509 1531 2574 1588 et
2617 1520 3056 1588 sollertissime
3102 1522 3508 1609 explanavit.
3583 1521 3872 1588 nesciat?

976 1637 1111 1704 Nos
1158 1635 1458 1724 quidem,
1508 1638 1621 1724 qui
1665 1635 1850 1724 plebs
1896 1657 2142 1712 sumus,
2192 1657 2393 1703 unum
2437 1634 2748 1702 habemus
2795 1635 3141 1724 reliquum,
3194 1650 3263 1703 ut
3308 1635 3548 1704 auxilia
3595 1657 3874 1722 quaera-

978 1773 1164 1830 mus,
1239 1751 1479 1838 quibus
1543 1751 1785 1836 ingenii
1830 1741 2278 1840 'scientiaeque
2335 1751 2623 1818 defectus
2678 1750 2899 1838 aliquo
2960 1752 3154 1818 modo
3217 1763 3693 1841 compensetur.
3789 1749 3864 1818 ld

982 1889 1179 1942 vero,
1255 1867 1431 1954 quod
1489 1867 1726 1933 frustra
1788 1866 1940 1932 olim
2000 1868 2258 1954 assequi
2318 1867 2571 1942 studui,
2637 1866 2868 1933 eodem
2929 1888 3076 1934 meo
3126 1867 3278 1934 mihi
3332 1867 3602 1952 contigit
3647 1867 3868 1940 exilio.

980 1983 1161 2070 quod
1199 1983 1335 2071 jam
1384 1983 1693 2063 Quintum
1750 1993 1812 2048 et
1871 1980 2332 2048 Manethonem
2389 1982 2543 2048 mihi
2601 1983 2891 2052 extorsit.
2985 1984 3142 2048 Tam
3191 2003 3413 2048 verum
3475 1993 3570 2048 est
3631 1981 3875 2048 nullam

974 2100 1111 2165 fare
1180 2111 1307 2164 tam
1364 2119 1661 2183 magnam
1724 2097 2016 2162 accidere
2064 2097 2533 2173 calamitatem,
2594 2099 2708 2164 cui
2767 2120 2899 2165 non
2953 2097 3196 2186 aliquid
3241 2097 3398 2164 boni
3443 2098 3609 2164 insit.
3709 2096 3870 2164 Cum

974 2216 1149 2280 enim
1194 2213 1412 2280 Turici
1458 2210 1955 2280 Guilielmus
2001 2211 2539 2288 Ruestovius‚
2591 2213 2689 2278 vir
2734 2213 3062 2280 militaris.
3111 2214 3177 2279 in
3225 2235 3431 2280 meam
3480 2213 3874 2300 pervenisset

977 2330 1299 2404 notitiam,
1352 2330 1462 2416 qui
1509 2341 1573 2394 et
1617 2328 1757 2416 ipse
1791 2329 2138 2407 civicorum
2186 2343 2479 2396 motuum
2513 2342 2692 2397 aestu
2739 2330 2804 2394 in
2853 2329 3248 2396 Helveticam
3281 2350 3464 2395 oram
3511 2337 3680 2394 esset
3714 2348 3870 2422 pro-

966 2445 1215 2533 iectus,
1282 2443 1698 2530 videremque
1744 2465 1891 2509 eum
1950 2465 2079 2509 non
2126 2445 2337 2511 solum
2385 2467 2542 2511 suae
2588 2446 2740 2511 artis
2787 2445 3052 2511 scientia
3099 2456 3161 2510 et
3207 2465 3330 2512 usu
3377 2445 3632 2530 egregie
3681 2464 3870 2530 prae-

982 2559 1211 2635 ditum,
1262 2557 1375 2624 sed
1427 2559 1618 2624 etiam
1665 2559 1862 2625 literis
1910 2559 2185 2646 antiquis
2233 2559 2402 2626 haud
2441 2560 2852 2627 mediocriter
2901 2560 3244 2635 imbutum,
3289 2580 3442 2626 cum
3475 2579 3555 2625 eo
3601 2579 3868 2646 operam

976 2676 1327 2763 conjunxi,
1398 2685 1471 2740 ut
1516 2673 1693 2761 quod
1740 2688 1973 2741 neuter·
2033 2685 2319 2742 nostrum
2378 2675 2554 2742 solus
2616 2688 2944 2763 praestare
2993 2674 3262 2748 valeret.
3335 2674 3400 2742 id
3446 2676 3866 2742 Actorionum

970 2794 1177 2858 instar
1220 2790 1575 2858 consociati
1622 2791 2101 2878 perficeremus.
2192 2789 2606 2858 Absolvimus
2651 2792 2844 2877 igitur
2882 2791 3021 2878 jam
3068 2791 3184 2855 rei
3228 2789 3625 2856 militaris
3663 2788 3867 2877 apud

972 2907 1332 2974 Graecos
1395 2906 1809 2973 historiam
1874 2907 1966 2972 ad
2015 2905 2312 2994 Pyrrhi
2369 2928 2621 2995 usque
2677 2919 3036 2994 tempora
3105 2905 3480 2985 deductam,
3550 2902 3868 2992 quilibet

972 3023 1099 3089 hoc
1143 3024 1288 3108 ipso
1336 3022 1527 3088 etiam
1575 3043 1745 3087 anno
1790 3022 1855 3086 in
1907 3019 2113 3087 lucem
2168 3021 2468 3108 prodibit.

1147 3139 1293 3205 Jam
1354 3158 1503 3203 cum
1564 3157 1643 3202 eo
1704 3137 1770 3203 in
1833 3135 1997 3202 libro
2059 3137 2527 3205 conscribendo
2590 3136 2800 3224 major
2864 3148 2926 3203 et
2984 3137 3185 3224 magis
3234 3136 3580 3221 conspicua
3629 3134 3867 3200 laboris

972 3274 1125 3340 pars
1172 3253 1356 3318 militi
1404 3262 1475 3318 ut
1522 3264 1586 3317 et
1631 3273 1847 3318 rerum
1894 3263 1958 3318 et
2007 3250 2349 3319 verborum
2400 3251 2548 3339 ejus
2596 3253 2748 3318 artis
2796 3273 3002 3340 gnaro
3049 3265 3216 3317 esset
3261 3250 3694 3326 sustinendus,
3746 3271 3866 3318 nec

967 3369 1110 3456 ipse
1156 3377 1373 3434 tamen
1420 3365 1705 3433 fontibus
1750 3381 2013 3433 strenue
2056 3367 2458 3454 inquirendis
2506 3380 2569 3433 et
2613 3367 3090 3455 perscrutandis
3137 3367 3342 3442 defui,
3397 3367 3582 3454 eujus
3628 3365 3866 3432 laboris

974 3485 1225 3550 fructus
1274 3482 1392 3549 etsi
1434 3483 1504 3548 in
1560 3481 1793 3548 librum
1842 3482 2280 3556 redundabat,
2353 3483 2492 3570 ipse
2541 3492 2754 3547 tamen
2801 3481 2986 3548 labor
3028 3482 3278 3570 integer
3325 3503 3455 3548 non
3503 3491 3756 3569 poterat
3800 3482 3864 3546 in

970 3597 1209 3664 librum
1257 3598 1479 3685 recipi.
1572 3599 1673 3663 Ex
1740 3598 1863 3664 hoc
1922 3596 2147 3663 labore
2206 3596 2414 3685 placet
2470 3597 2588 3662 bac
2636 3596 2781 3664 data
2828 3599 3312 3685 opportunitate
3357 3611 3608 3685 partem
3657 3618 3865 3684 quan-

971 3714 1125 3779 dam
1174 3734 1576 3802 proponere,
1637 3734 1804 3799 quae
1866 3713 1965 3777 vel
2011 3712 2091 3778 ad
2140 3733 2365 3778 eorum
2413 3712 2890 3800 philologorum
2937 3712 3180 3788 studia,
3231 3713 3340 3799 qui
3387 3711 3542 3778 solis
3587 3712 3864 3800 scripto-

972 3850 1115 3895 rum
1166 3827 1377 3894 verbis
1425 3828 1825 3916 explicandis
1872 3842 1935 3893 et
1980 3827 2394 3893 emendandis
2447 3827 2870 3902 delectantur,
2924 3828 3190 3916 propius
3238 3828 3546 3894 accedere
3593 3828 3861 3894 videtur.

1151 3945 1334 4010 Duos
1392 3965 1736 4031 superesse
1794 3955 2044 4009 constat
2106 3942 2187 4008 de
2249 3942 2638 4010 instruendis
2684 3942 2943 4008 aciebus
3008 3942 3300 4019 libellos,
3371 3965 3650 4030 quorum
3696 3964 3862 4010 unus

962 4056 1342 4135 Aeliani,
1394 4057 1558 4124 alter
1602 4057 1955 4124 Arriani
2000 4059 2259 4125 nomine
2307 4058 2772 4124 circumfertur.
2845 4059 2998 4134 Ille,
3053 4081 3243 4145 quem
3289 4069 3438 4146 post
3483 4071 3860 4145 excerptum

970 4173 1481 4261 appellationum
1530 4175 1611 4240 ad
1660 4195 1795 4240 rem
1846 4173 2184 4239 militarem
2230 4175 2710 4261 ⁸spectantium,
2778 4173 2952 4260 quod
3001 4173 3330 4261 adjectum
3377 4173 3610 4258 legitur
3657 4174 3861 4240 Tho-

964 4309 1130 4353 mae
1176 4289 1572 4377 Magistro
1628 4288 2093 4377 Phrynicho
2156 4299 2221 4354 et
2264 4287 2803 4377 Moschopulo
2857 4290 3144 4355 Lutetiae
3203 4288 3374 4376 apud
3427 4289 3858 4354 vascosanum

960 4427 1017 4468 a.
1055 4409 1223 4470 1532
1269 4405 1620 4492 impressis,
1673 4407 1949 4494 primum
1996 4405 2314 4488 integrum
2362 4402 2562 4469 edidit
2605 4427 2641 4469 e
2700 4402 2901 4470 tribus
2948 4427 3094 4470 mss.
3145 4425 3290 4470 cum
3338 4404 3863 4490 interpretatione

964 4519 1161 4584 latina
1228 4520 1579 4607 multisque
1632 4521 2017 4606 imaginihus
2078 4532 2141 4584 et
2194 4519 2460 4604 picturis
2525 4516 2910 4585 Franciscus
2979 4517 3516 4586 Robortellus
3581 4519 3860 4585 venetiis

973 4641 1176 4711 1552,
1228 4635 1419 4722 cujus
1466 4657 1731 4724 operam
1780 4636 2033 4724 repetiit
2065 4633 2402 4701 Conradus
2451 4632 2852 4700 Gesnerus
2899 4635 2964 4700 in
3011 4635 3292 4702 editione
3339 4635 3626 4701 omnium
3662 4634 3859 4702 Clau-

954 4749 1047 4816 dii
1106 4749 1357 4817 Aeliani
1412 4772 1681 4838 operum
1744 4751 2075 4817 Turicensi
2142 4755 2328 4816 1556.
2386 4773 2446 4838 p.
2497 4755 2696 4816 523-
2725 4755 2898 4828 606,
2974 4752 3162 4817 tertio
3205 4749 3434 4817 Sixtus
3479 4751 3858 4816 Arcerius
